2572 4476
503 229 699 287 PRAEFATIO.
1094 235 1139 288 Vll

59 390 134 450 mini
155 405 243 466 spero
264 385 359 447 fraudi
380 386 515 447 futurum
537 406 610 449 esse.
646 386 680 448 ln
702 395 783 449 11111
804 389 923 468 punctis
944 389 1031 452 solito
1050 408 1134 452 more

60 489 183 548 lacunas
198 484 332 545 indicavi.

147 584 181 644 ln
203 581 331 641 codice
347 579 591 641 Ambrosiano
606 580 724 642 bekker
745 584 800 660 (or.
816 585 874 643 1111.
889 583 929 644 lll
944 604 973 664 p.
990 586 1009 647 3
1025 585 1068 662 n.)
1087 594 1135 645 te·

61 692 156 743 statur
166 679 239 743 lsaei
250 679 326 739 solas
336 679 461 758 primam
474 687 504 738 et
514 679 637 740 alteram
649 679 799 740 orationes
811 699 883 751 esse,
896 681 1019 742 aliorum
1031 683 1131 756 multa,

61 790 177 858 patrum
192 779 365 853 fragmenta,
385 775 489 855 Lysiae
506 772 697 861 introspice,
714 776 839 856 Gorgiae
855 777 1006 852 Helenam,
1028 779 1132 839 Aristi·

63 877 104 937 dis
126 885 155 935 11
176 874 345 934 Polemonis
364 872 594 933 declamationes
615 873 744 951 aliquot,
767 873 927 936 Andocidis
948 876 984 935 de
1006 893 1080 953 pace
1104 886 1133 936 et

62 974 200 1033 adversus
211 970 391 1031 Alcibiadem
407 969 567 1030 orationes.
593 970 796 1035 Excusserunt
809 972 919 1031 librum
931 980 961 1032 et
976 972 1032 1032 Mai
1048 970 1133 1050 (lsaei

64 1071 156 1129 oratio
173 1070 209 1128 de
224 1065 378 1144 Cleonymi
392 1065 563 1128 hereditate.
584 1068 740 1130 Mediolani
759 1070 851 1145 1815)
871 1077 901 1129 et
916 1069 1041 1142 Beklrer,
1058 1088 1133 1148 quo·

64 1184 131 1224 rum
153 1164 306 1240 utriusque
327 1163 547 1225 adnotationem
567 1166 718 1245 exscripsi.
754 1165 906 1227 Interdum
922 1166 974 1227 ubi
989 1167 1131 1228 disertum

64 1263 100 1322 de
122 1261 229 1322 codicis
249 1260 341 1339 ipsius
364 1260 492 1322 lectione
513 1264 715 1325 testimonium
737 1264 850 1338 deerat,
880 1282 919 1324 ne
940 1265 1053 1325 incerta
1075 1284 1131 1344 pro

60 1360 151 1419 certis
165 1358 338 1432 venderem,
362 1359 433 1436 quid
448 1359 504 1419 Mai
523 1360 644 1435 habeat,
666 1379 899 1423 commemorare
914 1362 1019 1439 malui,
1043 1380 1132 1440 quam

61 1457 178 1528 silentio
191 1466 344 1520 auctorum
355 1461 449 1522 fretus
460 1461 523 1539 ipse
534 1457 571 1518 de
579 1459 681 1519 codice
688 1459 798 1536 aliquid
810 1459 958 1536 augurari.
973 1458 1007 1518 ln
1020 1458 1131 1518 utendo

60 1555 119 1613 hoc
134 1554 209 1615 libro
225 1573 402 1635 quamquam
423 1576 527 1618 omnes
547 1556 739 1616 consentiunt
754 1555 892 1617 cautione
908 1573 985 1632 opus
1000 1573 1074 1627 esse,
1098 1563 1132 1614 ut

61 1652 114 1729 qui
129 1652 322 1730 neglegenter
336 1655 465 1731 scriptus
480 1661 509 1713 et
523 1651 720 1729 interpolatus
734 1652 781 1723 sit,
796 1660 896 1710 tamen
912 1650 1029 1723 voculas
1045 1668 1132 1728 quas-

61 1748 128 1807 dam
145 1768 161 1807 a
176 1747 313 1809 Soheibio
329 1750 465 1829 expulsas
479 1749 511 1809 in
532 1748 667 1808 ordinem
681 1747 840 1808 verborum
855 1747 967 1822 reduxi,
990 1748 1130 1826 quoniam

62 1863 114 1904 eae
131 1863 225 1919 voces,
241 1847 360 1925 quaein
378 1847 401 1918 Q
418 1847 482 1908 solo
497 1854 627 1908 servatae
642 1853 720 1921 sunt,
736 1844 971 1924 interpolationis
986 1846 1132 1924 suspicio-

60 1961 131 2001 nem
146 1953 265 2003 mcvent
280 1963 435 2023 nusquam,
450 1944 599 2005 interdum
610 1952 740 2004 remotae
755 1943 920 2004 sententiae
936 1941 1089 2004 obiiciunt.

146 2039 327 2118 Reliquos
342 2043 463 2104 libros
479 2060 583 2102 omnes
598 2040 840 2118 (Laurentianum
852 2041 926 2120 plut.
938 2039 975 2099 lV
989 2041 1130 2117 11=133

60 2137 242 2199 Marcianum
257 2132 384 2217 append.
397 2140 479 2201 class.
492 2140 521 2212 8,
534 2141 552 2202 6
568 2168 611 2189 ==
625 2137 665 2212 L;
681 2137 884 2199 Bnrneianum
896 2140 937 2201 96
954 2139 1048 2198 musei
1063 2139 1131 2199 brit.

59 2265 101 2282 =
118 2234 161 2308 Μ;
188 2235 443 2297 Vratislaviensem
467 2235 611 2315 gymnasii
633 2234 754 2311 Magdal.
775 2261 819 2284 =
841 2234 875 2306 Z;
901 2232 1132 2295 Ambrosianum

59 2334 83 2390 A
97 2334 136 2393 119
152 2359 195 2382 =
210 2333 248 2406 P;
265 2332 463 2393 Schoemanni
478 2332 646 2392 Parisinum
660 2357 703 2380 =
716 2331 754 2406 R)
770 2349 786 2390 1
802 2330 903 2391 codice
919 2329 942 2389 Α
957 2330 1088 2408 pendere
1103 2341 1132 2392 11

60 2429 108 2487 alii
130 2429 269 2506 suspicati
290 2437 360 2489 sunt
381 2429 493 2508 etipse
513 2427 717 2487 demonstrare
737 2427 837 2488 studui
857 2426 958 2487 Herm.
978 2428 1035 2488 vol.
1051 2427 1129 2489 XVll

59 2545 89 2604 p.
108 2526 168 2588 385
181 2544 245 2604 sqq.
282 2526 377 2597 Quam
399 2526 436 2587 ob
458 2543 521 2586 rem
541 2525 610 2586 satis
624 2522 719 2584 habeo
741 2543 792 2585 eos
808 2524 838 2584 in
861 2525 1050 2586 adnotatione
1067 2545 1130 2587 non

57 2640 321 2700 commemorasse3
341 2623 366 2685 si
389 2624 459 2702 quid
474 2623 535 2683 veri
557 2629 608 2681 aut
622 2621 794 2683 coniectura
809 2631 860 2682 aut
876 2641 945 2683 casu
960 2621 1072 2683 librarii
1088 2623 1130 2684 illi

59 2721 214 2793 dederunt,
231 2721 258 2781 ei
271 2721 400 2795 attribui,
417 2722 467 2800 qui
477 2720 597 2798 primus
608 2717 728 2797 recepit.
759 2719 835 2779 Sunt
850 2727 948 2780 autem
963 2722 1024 2782 lere
1040 2721 1129 2783 haec:

60 2817 90 2876 in
107 2816 133 2876 a
148 2825 228 2877 recte
240 2818 348 2896 legitur
358 2818 372 2878 l
384 2822 433 2891 14,
447 2822 465 2882 5
479 2807 692 2898 ἀπέπεμψεν,
710 2818 758 2890 18,
772 2820 791 2879 7
807 2806 1049 2900 ἆποστερήσει;
1065 2818 1096 2877 in
1109 2818 1129 2878 Z

59 2923 141 2972 recte
162 2913 300 2987 11116
323 2910 459 2996 ἐγένετο,
482 2913 520 2974 Vl
543 2914 649 2987 1111
670 2907 728 2975 τὸν
749 2903 860 2992 νόμον,
883 2908 1128 2985 1171111111.

60 3011 111 3083 58,
129 3012 147 3072 6
170 3005 269 3087 ἐστὶν,
292 3009 344 3069 Vll
360 3014 387 3083 7,
405 3012 423 3074 3
446 3005 537 3093 ἐμὴν,
560 3011 645 3083 111
669 3004 858 3086 πυθιάδος,
880 3007 1021 3083 111118
1044 2998 1126 3071 ὥστ’

59 3103 152 3187 ἒμοὶ,·
174 3107 205 3167 11
216 3108 238 3167 Β
251 3109 376 3170 fortasse
388 3106 452 3168 Vlll
468 3110 497 3183 7,
511 3112 529 3171 7
546 3102 751 3192 ἓγιγνέσθην.
784 3107 939 3167 Accedunt
953 3125 1028 3185 quae
1039 3106 1130 3170 dldus

57 3205 134 3266 libro
149 3203 204 3266 suo
220 3206 316 3279 debet,
337 3206 374 3266 de
390 3224 448 3284 qna
463 3223 496 3266 re
511 3205 634 3267 iudicari
650 3222 711 3264 non
727 3211 833 3284 potest,
855 3205 934 3282 quod
951 3205 1015 3265 cod.
1032 3204 1055 3267 L
1072 3205 1128 3269 nisi

55 3303 94 3363 ad
111 3303 235 3381 primam
250 3314 280 3364 et
294 3304 411 3364 tertiam
426 3304 592 3365 orationem
607 3322 623 3362 a
638 3300 773 3362 Rekkero
789 3301 912 3364 collatus
927 3322 988 3363 non
1005 3311 1058 3365 est.
1084 3303 1129 3366 Ex

56 3402 116 3461 hoc
128 3410 226 3462 autem
237 3400 312 3462 libro
324 3401 458 3461 dldinam
470 3401 642 3480 impressam
654 3418 727 3472 esse,
743 3399 813 3460 satis
828 3400 989 3479 probabilis
1000 3409 1045 3462 est
1054 3419 1128 3461 con-

56 3501 179 3572 iectura,
201 3506 268 3576 post
283 3499 443 3578 Kayserum
466 3517 483 3559 a
497 3498 673 3560 lernstedtio
688 3498 818 3571 firmata3
840 3497 929 3559 habet
943 3505 1023 3558 certe
1039 3498 1128 3558 editio

56 3596 107 3657 illa
122 3595 258 3655 lacunam
274 3613 348 3673 quae
363 3604 408 3657 est
422 3596 453 3656 in
468 3595 551 3656 libris
566 3593 688 3672 Lrtzqr)
704 3592 717 3652 l
732 3592 844 3656 22-11
859 3597 910 3657 47.
946 3593 970 3653 E
987 3593 1088 3656 codice
1104 3595 1128 3655 Α

54 3712 122 3755 eam
138 3693 279 3772 pendere,
295 3691 364 3753 satis
379 3700 502 3773 apparet
516 3710 532 3751 e
546 3690 660 3752 lacunis
676 3708 751 3768 quae
766 3699 837 3752 sunt
851 3690 888 3751 ls.
904 3690 996 3753 11166
1013 3699 1042 3751 et
1056 3690 1126 3770 Lyo.

55 3792 161 3851 Leocr.
177 3793 195 3865 ξ
212 3791 261 3854 80.

144 3886 296 3948 Codicis
318 3887 341 3947 Α
363 3886 501 3946 variam
528 3885 734 3946 lectionem
755 3883 874 3962 plenam
898 3883 1054 3962 exscripsi,
1077 3885 1130 3943 sed

56 4003 97 4045 ne
120 3984 206 4044 nimis
235 3984 322 4045 taedii
349 3982 518 4063 legentibus
544 3999 708 4053 moverem,
737 3977 846 4038 leviora
871 3979 1014 4056 quaedam
1028 3978 1128 4038 adno-
