2550 4478
128 247 168 310 80
367 286 370 292 2
442 274 445 279 ·
532 253 535 257 ’
613 247 723 302 ῙΣλῐθΥ
803 244 806 249 ’
1134 263 1204 307 σεῦ.

126 417 296 504 θυγατρὸς
312 412 414 487 αἰτοῦ
435 415 481 496 ιός
496 414 597 507 οὔσης
619 416 781 498 ἐπιδίκου,
805 417 835 485 εἰ
857 416 894 484 δὲ
914 418 960 507 μή
977 419 1045 486 εἰσι
1065 419 1198 508 γνήσιοι,

124 524 184 587 νῦν
207 520 550 609 διαμεμαρτυρηκέναι
571 515 617 596 ὡς
639 518 705 586 εἰσί
726 518 874 607 γνήσιοι,·
900 523 1008 586 ταῦτα
1036 519 1100 608 γάρ
1123 513 1197 586 αἰτδ

127 620 259 698 ἑαυτοῖς
280 620 414 689 ἐναντία
435 620 536 689 ἐστίν.
581 613 664 686 ὥστ’
689 613 728 687 οἰ
750 620 853 704 μόνον
874 614 936 709 ὑφ’
960 618 1056 710 ἡμῶν
1083 621 1199 708 έλέγχι·

126 749 185 790 τοι
213 721 256 789 τά
284 723 394 810 ψευδῆ
416 722 745 812 διαμεμαρτυρηκιός,
775 716 860 788 άλλά
887 724 944 789 καὶ
973 720 1010 801 ἐξ
1037 716 1085 789 ὦν
1109 718 1200 800 αδτδς

76 841 115 898 59
128 824 280 911 πράττει.
322 827 380 890 καὶ
400 823 508 910 τούτῳ
529 824 590 907 μέν
612 817 722 902 οὐδεὶς
744 823 963 911 διαμαρτυρεί
986 823 1031 912 μή
1056 823 1200 891 ἐπίδικον

129 923 216 993 εἶναι
243 925 302 992 τδν
329 928 458 1013 κλήρου,
486 919 562 992 ἀλλ’
596 918 773 1014 εὐθυδικίᾳ
801 924 1022 994 εἰσιέναι...
1046 920 1145 1004 οὗτος
1170 919 1199 991 δ’

128 1020 281 1105 ἅπαντας
310 1019 493 1114 άποστερεῑ
520 1030 579 1115 τής
607 1019 898 1115 άμφισβητήσειυς.
947 1029 1005 1094 καὶ
1028 1026 1204 1116 διαρρήδην

127 1127 340 1215 μαρτυρήσας
360 1134 515 1216 γνησίους
530 1126 607 1207 τοδς
629 1128 757 1205 παῖδας
772 1125 868 1210 εἶναι,
891 1128 1000 1196 οἰεται
1022 1127 1204 1216 ἐξαρκέσειν

126 1225 206 1313 ὖμῖν
228 1227 460 1313 παρεκβάσεις,
482 1225 541 1296 έάν
564 1230 600 1296 δὲ
621 1234 721 1296 τοῦτο
742 1230 804 1314 μέν
831 1224 910 1318 μηδ’
937 1229 1109 1318 ἰγχειρήσῃ
1134 1229 1204 1297 ἐπι·

128 1330 294 1398 δεικνύναι
315 1321 335 1418 ή
357 1334 412 1398 καί
436 1330 519 1398 κατά
541 1331 661 1418 μικρόν
682 1357 715 1398 τι
738 1330 944 1420 έπιμνησθή,
973 1328 1055 1419 ήμίν
1078 1332 1116 1399 δὲ
1138 1333 1204 1398 λοι·

127 1431 312 1521 δορήσηται
339 1433 466 1520 μεγάλη
494 1437 535 1520 τῇ
564 1437 660 1521 φωνῇ
688 1435 745 1500 καί
768 1434 844 1521 λέγῃ
868 1429 914 1511 ὥς
944 1432 1030 1499 εἰσὶν
1055 1433 1128 1500 οἵδε
1148 1434 1204 1516 μὲν

128 1534 288 1602 πλούσιοι
312 1528 413 1614 αδτδς
436 1535 472 1601 δέ
486 1540 598 1623 πένης,
623 1532 680 1602 διδ
695 1533 756 1621 [δέ]
778 1538 884 1602 ταῦτα
899 1533 1010 1613 δόξειν
1024 1533 1104 1612 τοὺς
1125 1548 1204 1601 παί-

76 1648 117 1708 δδ
130 1636 190 1713 δας
212 1634 299 1704 εἶναι
319 1643 484 1726 γνησίους.
521 1639 580 1725 τῆς
603 1636 639 1702 δέ
660 1636 787 1703 τούτων
809 1629 935 1717 οάσίας,
959 1621 985 1700 ὦ
1010 1631 1134 1722 δι’νδρες,
1158 1635 1204 1712 εἰς

128 1735 188 1823 τήν
209 1738 312 1805 πόλιν
334 1740 442 1805 πλείω
465 1731 681 1805 άναλίσκεται
700 1729 722 1824 ή
744 1737 793 1817 εἰς
816 1731 935 1814 αὐτοὺς
959 1735 1108 1815 τούτους.
1151 1739 1203 1802 καὶ

130 1838 369 1924 Φανόστρατος
390 1839 450 1921 μὲν
471 1839 742 1927 τετριηράρχηκεν
757 1837 896 1914 ἑπτάκις
916 1833 990 1926 ήδη,
1012 1836 1074 1916 τάς
1089 1839 1126 1905 δὲ
1141 1841 1203 1904 λιι·

128 1944 284 2025 τουργίος
313 1934 450 2016 ἆπάσας
480 1939 725 2027 λελειτούργηκε
751 1941 806 2004 καί
837 1936 898 2014 τὰς
925 1939 1089 2018 πλείστας
1117 1946 1201 2016 νίκας

130 2043 308 2127 νενίκηκεν·
333 2034 447 2117 οὑτοσὶ
471 2039 507 2106 δὲ
521 2044 773 2126 Χαιρέστρατος
795 2040 987 2127 τηλικοῦτος
1009 2031 1056 2108 ιδν
1077 2065 1201 2129 τετριη·

129 2138 277 2230 ράρχηκε,
293 2139 486 2230 κεχορήγηκε
502 2141 538 2208 δέ
552 2141 745 2227 τραγῳδοῖς,
760 2141 1060 2229 γεγυμνασιάρχηκε
1074 2141 1112 2207 δὲ
1123 2144 1199 2225 λαμ-

128 2239 231 2309 πάδι·
260 2241 399 2321 καὶτὰς
421 2241 584 2331 εἰσφοράς
612 2239 856 2331 εἰσενηνόχασιν
879 2235 1068 2331 ἀμφότεροι
1093 2243 1200 2320 πάσας

129 2339 164 2408 έν
184 2357 257 2421 τοῖς
277 2350 493 2431 τριακοσίοις.
536 2346 592 2411 καί
615 2348 699 2421 τέως
720 2337 854 2429 μένδδ
881 2339 990 2426 ὄντες,
1014 2349 1071 2412 νῦν
1093 2345 1131 2412 δέ
1150 2345 1197 2410 καί

129 2438 147 2507 δ
178 2442 338 2531 νεώτερος
367 2441 481 2512 οὑτοσί
506 2458 642 2533 χορηγεῖ
667 2445 955 2533 μδν.τραγῳδοῑς,
987 2445 1035 2523 εἰς
1066 2445 1102 2511 δέ
1130 2442 1197 2518 τοὺς

76 2561 112 2616 ει
129 2549 340 2627 τριακοσίους
362 2542 582 2633 ἐγγέγραπται
596 2548 650 2612 καὶ
667 2545 816 2635 εἰσφέρει
830 2545 891 2625 τάς
913 2545 1086 2634 εἰσφοράς.
1121 2536 1193 2612 ὥστ’

129 2637 168 2710 οὗ
191 2649 405 2732 φθονεῖσθαί
427 2646 511 2714 εἰσιν
527 2641 627 2728 άξιοι,
650 2640 735 2713 άλλδ
759 2647 844 2715 πολδ
860 2644 1038 2733 μάλλοννή
1062 2647 1123 2713 τόν
1138 2651 1196 2714 Δία

128 2747 185 2812 καὶ
206 2744 265 2812 τδν
286 2739 442 2814 Ἀπόλλω
465 2741 573 2829 οὗτοι,
602 2746 633 2815 εἰ
655 2748 823 2836 λήψονται
846 2749 866 2816 δί
888 2747 929 2834 μδ
959 2746 1125 2832 προσήκει
1148 2741 1196 2814 οὗ·

128 2861 209 2927 τοῖς.
254 2852 314 2916 τοῦ
333 2847 397 2936 γὰρ
421 2838 670 2937 Φιλοκτήμονος
690 2851 810 2939 κλήρου
827 2843 867 2919 δν
887 2850 947 2935 μὲν
969 2845 1197 2939 ἐπιδικάσηται

129 2942 196 3032 όδε,
218 2946 296 3035 ὑμῖν
320 2944 421 3018 αάτδν
442 2950 624 3035 ταμιεύσει,
646 2951 689 3018 τὰ
708 2950 987 3040 προσταττόμενα
1009 2950 1197 3039 λειτουργῶν

131 3043 245 3140 ὥσπερ
267 3052 323 3118 καί
346 3055 403 3117 νῦν
416 3053 474 3118 καὶ
495 3051 545 3119 ἰτι
566 3055 710 3135 μᾶλλον·
735 3053 792 3122 ἐὰν
808 3047 839 3120 δ’
859 3047 953 3120 οὗτοι
968 3050 1109 3137 λάβωσι,
1133 3054 1197 3119 δια·

33 3216 37 3224 .
131 3152 336 3240 φορήσαντες
358 3150 484 3238 ἑτέροις
506 3150 792 3238 έπιβονλεάσουσι.

78 3270 118 3330 62
214 3257 346 3335 Δέομαι
374 3237 431 3317 σάν
458 3248 560 3336 ὑμῶν,
592 3242 774 3346 αἰάνδρες,
803 3256 859 3322 ἵνα
887 3253 933 3343 μή
957 3252 1198 3344 ἐξαπατηθῆτε,

129 3355 169 3438 τῇ
198 3352 422 3440 διαμαρτυρίᾳ
449 3351 507 3420 τδν
536 3360 612 3424 νοῦν
634 3364 810 3447 προσέχειν
832 3358 912 3443 περὶ
939 3348 980 3442 ής
1004 3354 1066 3443 τήν
1088 3361 1200 3445 ψῆφοι

35 3622 37 3626 ⁴
213 3557 258 3612 58.
277 3560 293 3608 4
311 3552 434 3610 έπιδίκσυ
452 3573 515 3610 corr.
536 3564 558 3624 1,
576 3553 724 3624 έπι.λή.σν
742 3575 779 3627 pr.
797 3589 831 3599 -
849 3565 865 3614 6
883 3556 960 3612 ἐστίν
979 3559 1039 3611 Bk:
1058 3559 1138 3612 εἰσίν.

128 3640 173 3696 5⁹.
192 3644 207 3694 2
224 3635 297 3702 ἀξιοῖ
312 3644 379 3709 sppl.
397 3641 469 3709 Βάκ,
489 3641 597 3705 ἔξεστιν
613 3644 681 3707 Dbr.‚
703 3642 735 3707 ίᾷ
753 3642 821 3696 Htw.
839 3672 873 3684 -
890 3647 914 3697 6.
934 3648 948 3696 ’ί
968 3639 1156 3712 λοιδορήσεται
1173 3663 1204 3681 ⁴

129 3730 143 3777 ί
163 3723 232 3797 λέγει
253 3755 287 3766 -
309 3722 373 3780 8δί
396 3727 445 3783 del.
464 3727 496 3780 de
519 3744 585 3796 meo,
609 3723 643 3792 δὴ
664 3725 753 3794 Steph.
840 3727 886 3782 60.
911 3724 1137 3798 3φοιν.’στρατοε
1161 3745 1204 3796 pm

130 3824 192 3862 corr.
211 3812 278 3862 2.-
296 3806 529 3882 τιτριηράρχηι...
542 3829 589 3880 με,
601 3827 665 3865 corr.
679 3814 691 3864 1
711 3840 745 3850 -
762 3815 780 3865 4
796 3815 874 3864 νίκαν
888 3810 938 3864 del.
952 3811 1055 3879 Sauppe
1073 3841 1108 3852 —
1127 3814 1204 3865 τείσ·

129 3889 274 3960 ινήνοχανε
293 3913 341 3950 em.
360 3897 422 3950 Rsk.
491 3896 563 3951 (51.5
583 3892 761 3966 λειτουργεῖν
778 3912 824 3964 ρο,
843 3901 932 3949 σοιτί
953 3925 987 3936 -
1006 3899 1021 3947 7
1041 3900 1144 3966 ,τέροιε
1162 3914 1204 3965 ρο..

129 3995 192 4032 corr.
213 3985 236 4032 1.
897 4006 899 4010 ·
987 3984 1009 4025 .'
