2572 4476
10 258 21 286 .·.
79 253 131 306 με.
298 237 376 293 ΠΕΡΙ
392 237 458 291 ΤΟΥ
474 238 736 295 ΦΙΛοΚΤΗΜοΝοΣ
753 240 891 295 miror.
1095 239 1135 300 79

10 423 28 464 σ
10 433 108 528 pq
98 405 325 528 παρεγένετο
340 399 416 474 ἀλλ’
434 402 555 497 ήκοοσέ
574 435 674 491 τινος,
698 402 801 531 ἄκρην
822 425 1016 533 papqvqezv·
1040 406 1129 479 οὐδ’
1145 423 1185 480 54

71 501 99 577 ού
116 507 388 597 παραγενόμενος
409 509 590 600 διαρρήδην
610 512 862 600 μεμαρτύρηκας
876 507 923 591 ὥς
938 507 976 580 ού
999 513 1134 581 διέθετο

13 675 17 684 ,
69 608 288 729 διλοκτήμων,
312 604 512 691 ἀλλ”ύπαις
534 611 734 734 ἐτελεύτησε.
773 619 883 680 καίτοι
907 618 982 692 πῶς
1005 614 1077 681 οίύν
1098 639 1135 682 τε

27 712 34 719 ’
65 697 241 793 εἰδέναι,
213 737 240 777 ω
265 706 444 800 ανδρες,
424 738 542 833 ομοιρη
563 712 627 836 γὰρ
649 707 765 803 ὥσπερ
781 741 822 782 αν
837 715 868 783 εί
890 722 975 803 φαίη
999 715 1132 797 εἰδέναι,

10 836 29 891 ἰζ
63 817 106 882 καὶ
125 840 173 902 pq
198 813 486 938 παραγενόμενος,
515 809 580 884 ὅσα
607 812 702 900 ὑμεῖς
723 816 848 895 πάντες
874 816 1050 938 πράττετε.
1094 809 1132 882 ού

61 915 111 1005 γὰρ
134 914 175 1006 δή
199 916 301 985 τοῦτό
322 942 360 1005 γε
381 916 458 1004 δρεῖ,
480 923 603 1003 καίπερ
626 910 885 1001 ἆναίσχυντος’
864 913 921 1002 ω’ν,
951 914 997 996 ὥς
1024 910 1134 985 ύπασι

60 1023 255 1107 καρεγένπο
277 1022 334 1087 καὶ
362 1013 464 1087 πάντ’
490 1016 580 1086 οἶδεν
601 1012 666 1086 ὅσα
692 1019 911 1108 Φιλοκτήμων
941 1018 975 1086 ἐν
997 1023 1046 1106 τηῖ
1066 1026 1132 1107 βίῳ

10 1118 30 1180 τι
59 1119 270 1207 διεπράξατο.
309 1121 448 1188 πάντων
468 1117 531 1207 γὰρ
555 1114 655 1188 αὐτὸν
678 1119 800 1201 ἐκεῖνος
822 1122 979 1205 έχθιστον
1002 1121 1131 1205 ἐνόμιζε
1144 1134 1182 1190 55

10 1242 29 1280 n
59 1220 105 1289 διά
128 1223 197 1308 (τε)
217 1220 280 1310 τήν
295 1218 399 1311 ἄλλην
420 1228 593 1310 πονηρίαν,
615 1224 672 1289 καλ
694 1223 782 1292 διότι
804 1227 871 1292 τῶν
892 1228 1055 1311 συγγενῶν
1069 1222 1132 1308 μό-

10 1323 29 1401 r}
60 1348 105 1402 νος
117 1322 208 1407 μετὰ
222 1327 282 1411 τῆς
298 1318 416 1414 Ἀλκής
438 1323 562 1413 ἐκείνης
576 1323 684 1411 ταύτην
698 1327 841 1404 καὶτοῖς
856 1321 971 1405 ύλλοις
994 1348 1132 1393 συνεπι-

10 1445 19 1469 '
59 1424 235 1508 δουλεύσας
267 1439 341 1503 τοῖς
373 1428 434 1492 τού
469 1418 678 1512 Εὐκτήμονος
709 1426 857 1514 χρήμασι
889 1432 1029 1494 τοιαῦτα
1063 1429 1132 1493 διε-

10 1525 28 1584 ἶι
59 1526 215 1615 κρύξατο,
241 1526 297 1594 οἶά
319 1552 384 1615 περ
405 1523 483 1612 ύμῖν
507 1521 679 1604 ἀπέδειξα.

10 1650 28 1667 ’“
133 1627 283 1696 Πάντων
309 1628 346 1695 δδ
374 1628 522 1714 μάλιστα
551 1621 778 1714 ἀγανακτῆσαί
805 1627 895 1695 ἐστιν
918 1623 1021 1706 ἄξιον,
1047 1620 1128 1694 ὅταν
1142 1639 1182 1696 5⁸

10 1751 27 1787 r·
60 1723 145 1798 οὗτοι
171 1733 403 1817 καταχρῶνται
436 1730 496 1816 [τῴ
527 1723 737 1817 Εὐκτήμονος
770 1723 924 1814 ὀνόματι]
956 1733 1005 1815 τῷ
1036 1729 1131 1796 τουδὶ

10 1825 27 1899 52³
59 1831 199 1920 πάππῳ.
245 1831 276 1898 ελ
296 1831 369 1920 γάρ,
393 1828 440 1911 ὦς
462 1825 556 1899 οὗτοι
578 1832 725 1918 λέγουσι,
750 1835 799 1918 pq}
820 1832 881 1915 μὲν
906 1830 1132 1919 Φιλοκτήμονι

10 1933 27 1989 ³⁶
60 1930 96 2021 μή
123 1932 200 2022 ἐξῆν
223 1933 429 2016 διαθέσθαι,
457 1938 518 2001 τοῦ
545 1927 575 2000 δ’
602 1927 812 2021 Εὗκτήμονός
841 1932 930 2001 ἐστιν
961 1928 1129 2021 ὁκλήρος,

10 2053 26 2091 >1
60 2033 197 2122 πότερον
212 2033 421 2122 δικαιότερον
438 2039 504 2104 τῶν
520 2029 730 2123 Εὐκτήμονος
744 2039 958 2125 κληρονομεῖν
973 2033 1034 2112 τὰς
1051 2033 1131 2102 ἐκεί-

15 2153 26 2204 ἑ
61 2160 108 2203 νον
121 2141 323 2224 θυγατέρας,
345 2132 618 2224 ὁμολογουμένως
634 2133 736 2214 ούσας
756 2144 902 2226 γνησίας,
922 2138 927 2220 Ι
946 2138 1003 2202 καὶ
1018 2131 1129 2221 [ἡμᾶς]

10 2256 26 2287 τ
60 2234 127 2316 τούς
148 2237 186 2304 ἐκ
206 2237 335 2305 τούτων
355 2239 539 2324 γεγονότας,
562 2229 584 2326 ή
605 2237 684 2316 τούς
706 2234 802 2306 οὐδὲν
827 2231 1074 2324 προσήκοντας,
1097 2239 1130 2302 οἳ
1146 2254 1181 2309 57

14 2360 25 2393 r
61 2332 91 2406 ού
111 2338 216 2424 μόνον
236 2334 299 2429 ὑφ’
323 2337 419 2429 ἡμῶν
441 2339 638 2427 ἐλέγχονται,
662 2333 747 2406 ἀλλὰ
769 2343 824 2407 καλ
847 2337 884 2417 ἐξ
907 2331 954 2403 ὦν
977 2329 1074 2403 αὐτοὶ
1095 2338 1129 2404 ολ

13 2460 24 2494 ²
60 2435 235 2529 ἐπίτροποι
256 2442 547 2530 διαπεπραγμένοι
570 2441 647 2510 εἰσί.
690 2447 788 2510 τούτο
810 2438 873 2529 γὰρ
895 2435 987 2523 ὑμῶν
1010 2439 1129 2524 δέομαι

10 2570 22 2580 ·
59 2546 106 2610 καὶ
135 2541 273 2611 ἱκετεύω
303 2544 437 2633 σφόδρα
464 2547 675 2631 μεμνῆσθαι,
699 2531 725 2611 ὦ
750 2539 881 2632 ἄνδρες,
911 2534 996 2630 ὅπερ
1025 2535 1128 2629 ὀλίγῳ

10 2662 21 2721 p
58 2644 217 2734 πρότερον
240 2638 403 2725 ἀπέδειξα
424 2642 511 2731 ύμῖν,
535 2639 589 2713 ὅτι
605 2640 802 2733 Ἀνδροκλῆς
825 2641 940 2712 ούτοσὶ
962 2647 1047 2733 φησὶ
1068 2645 1128 2728 μὲν

10 2774 18 2783 ·
57 2742 135 2814 εἶναι
165 2746 352 2836 ἐπίτροπος
382 2740 490 2814 αύτοῑν
519 2743 565 2825 ολς
599 2742 704 2814 ὄντων
737 2754 880 2835 γνησίων
910 2739 1126 2831 Εὐκτήμονος,

10 2863 15 2877 ’
56 2841 217 2939 ειληχεδ’
244 2842 423 2937 αύτδς[ἐφ
427 2842 585 2934 ]ἓαυτῳ
613 2853 673 2915 τού
695 2842 904 2934 Εύκτήμονος
931 2844 1050 2958 κλήρου
1072 2848 1128 2910 καὶ

54 2974 107 3038 της
126 2947 300 3038 θογατρδς
323 2943 425 3016 αύτοῦ
447 2945 494 3027 ὦς
517 2943 618 3066 ούσης
641 2946 835 3035 ἐπικλήρου·
864 2948 920 3011 καὶ
942 2947 1048 3009 ταῦτα
1069 2969 1128 3027 με·

52 3051 256 3172 μαρτύρομαι
277 3046 365 3135 ύμῖν.
409 3056 520 3118 καίτοι
541 3053 616 3129 πῶς
641 3043 678 3117 ού
704 3047 822 3130 δεινόν,
845 3073 871 3112 ω
858 3032 1017 3133 ἄνδρες,
1040 3043 1178 3131 πρδςῡς

52 3157 139 3221 θεων
159 3147 363 3238 Ὀλυμπίων,
387 3177 417 3218 ει
407 3152 499 3236 μὲν
522 3177 555 3219 οι
545 3153 698 3232 (παῖδές
720 3150 787 3219 εἰσι
807 3148 947 3237 γνήσιοι,
970 3145 1029 3215 τδν
1051 3145 1127 3214 ἐπί-

51 3279 176 3343 τροπον
197 3253 307 3340 ἑαυτῷ
330 3253 501 3340 λαγχάνειν
529 3257 589 3321 τοῦ
611 3248 820 3343 Εὗκτήμονος
841 3250 960 3339 κλήρου
988 3253 1044 3318 καὶ
1069 3274 1128 3340 της

132 3479 149 3528 ὓ
166 3478 300 3544 μαρτυρεῖ
316 3491 363 3542 pr.5
380 3490 444 3528 corr.
463 3478 487 3527 2.
556 3474 602 3530 55.
619 3480 634 3528 2
653 3494 683 3527 τε
701 3476 758 3527 add.
774 3475 832 3527 Ald.
851 3504 883 3512 -
902 3477 917 3526 3
935 3474 965 3525 st.
983 3472 1024 3536 τῷ
1040 3467 1126 3523 Ἀντι·

48 3554 129 3629 δυ’ρην
148 3558 206 3611 εδδ.
225 3566 285 3612 ante
297 3557 397 3624 τούτῳ,
416 3559 573 3625 cogitatione
591 3559 657 3626 sppl.
671 3559 811 3611 Meutzner.
880 3557 925 3612 ὅθ
944 3560 959 3608 2
976 3555 1018 3608 τῶ
1036 3547 1126 3619 eburq-

44 3659 128 3710 μενοι
145 3637 262 3711 ὀνόματι
279 3644 305 3697 in
326 3658 377 3710 mg.
396 3643 516 3695 inferiore
534 3642 591 3694 add.
613 3647 638 3694 1:
657 3642 707 3694 del.
725 3641 757 3694 de
775 3657 832 3695 meo
851 3672 883 3681 -
908 3644 932 3693 2.
951 3643 967 3692 3
983 3638 1031 3691 τοῦ
1049 3634 1127 3690 τουδί

45 3723 163 3782 πάππου
182 3726 243 3780 Rsk.
263 3756 297 3767 -
320 3731 337 3781 6
354 3723 423 3798 ἡμᾶς
439 3727 489 3779 del.
508 3727 541 3779 de
557 3741 625 3779 meo.
709 3724 752 3781 57.
772 3729 787 3778 2
804 3721 853 3796 λη’
873 3725 933 3779 Bk:
951 3721 982 3785 ῖξ
1005 3751 1037 3761 -
1061 3721 1088 3774 οἱ
1105 3738 1126 3775 s.

43 3815 98 3865 κθ
115 3842 151 3852 -
172 3817 187 3866 5
205 3811 230 3880 ’λ
242 3804 336 3864 οὑτοσὶ
348 3812 374 3864 in
388 3826 440 3877 mg.
452 3815 478 3862 et
496 3810 521 3878 Ἰ.
539 3813 598 3863 ante
617 3806 696 3879 φήσει
714 3809 772 3862 add.
794 3815 804 3863 l
826 3840 856 3849 -
877 3825 943 3878 φησι
960 3807 1029 3858 Ald.:
1049 3802 1127 3875 φήσει

41 3926 76 3936 -
102 3900 119 3950 6
138 3894 209 3948 εἶναι
227 3910 292 3949 corr.
311 3899 335 3960 2,
352 3894 427 3961 οἶμαι
445 3912 482 3962 pr.
501 3924 533 3934 -
552 3898 566 3947 7
586 3891 667 3946 αύτδε
678 3893 754 3947 Rsk.:
773 3889 864 3946 αὐτοῖς
881 3923 915 3933 -
932 3885 977 3962 ἐφ’
992 3892 1041 3956 del,
1063 3889 1126 3940 Rsk.

39 4010 78 4022 -
95 3980 146 4033 τοῦ
165 3995 230 4033 corr.
245 3983 274 4045 1,
291 3980 333 4033 τῶ
354 3986 384 4031 ut
401 3979 454 4033 vid.
471 3996 508 4047 pr.
