2572 4476
50 267 74 306 p.
89 247 128 297 εἰ.
370 237 446 291 ΠΕΡΙ
464 238 528 292 ΤΟΥ
544 238 673 293 ΠΥΡΡΟΥ
690 239 827 293 mmor.
1100 232 1139 296 3⁷

146 410 235 495 Περὶ
263 408 323 492 μὲν
356 394 413 474 οὖν
423 412 499 531 της
527 406 702 476 ἒπιδικασί
688 415 742 487 ίας
772 405 890 492 5505’y
866 436 908 477 αν
935 434 988 488 τις
1016 409 1194 495 ψεῦδοςλῖ

53 532 205 631 προφαρ
206 515 353 577 ίσασθαι
367 508 454 595 πρὸς
469 505 572 594 ὑμᾶς·
594 500 616 597 5
630 509 694 598 γὰρ
710 512 830 578 λαθεῖν
845 516 936 601 σφᾶς
949 511 1142 628 προσποιή-

56 605 155 679 σαιτ’
177 601 216 676 δν
239 605 361 692 οὗτος,
373 637 393 700 η
379 600 473 677 καὶ
495 611 742 697 ψεύδεσθαι’
706 606 835 699 αιτιῴτ’
846 602 1006 700 δνὴμᾶς.
1043 618 1141 680 τοῦτο

57 714 118 796 μὲν
100 702 202 779 vo5v
224 716 401 801 παρῶμεν·
425 712 541 802 ἐπειδὴ
566 715 603 780 δὲ
623 719 672 801 τῴ
687 708 883 788 Ξενοκλεῖ’
865 711 1001 802 ηγγύαδ
1010 709 1142 792 Ἔνδιος

58 812 117 902 τὴν
142 808 327 904 ἀδελφιδῆν
351 838 421 891 σου,
445 814 700 903 ἐπέτρεψας,
676 844 702 882 ω
726 816 913 905 Νικόδημε,
941 813 1002 903 τὴν
1025 814 1060 881 ἰκ
1084 819 1143 902 τῆς

60 915 216 1036 ἐγγυητῆς
243 921 292 1002 τῴ
321 916 447 1005 Πύρρῳ
474 915 744 1008 γεγενημένηνε
719 944 765 997 ως
799 917 835 998 ἐξ
862 917 935 984 ἓταί
922 923 997 1039 ίρας
1028 916 1143 1039 ἰκείγιγ

60 1005 165 1084 οὖσαν
188 1017 393 1104 ἐγγυᾶσθαις
414 1021 469 1084 καί
493 1012 551 1084 οὐκ
575 1009 637 1108 [δν]
662 1019 866 1144 οἷσήγγελλες
888 1017 975 1109 πρὸς
1000 1017 1059 1085 τὸν
1083 1012 1142 1138 55-
1157 1026 1195 1082 40

58 1145 160 1202 χοντα
182 1117 372 1187 κακοῦσθαι
400 1120 460 1248 την
483 1118 527 1186 ἒπ
529 1119 702 1211 ίκληρον
684 1121 751 1190 υπὸ
780 1126 840 1188 τοῦ
866 1120 1062 1209 εἰσποιητου
1087 1111 1143 1188 05·

59 1247 126 1300 τως
146 1218 362 1309 ὑβριζομένην
384 1248 441 1289 και
431 1218 599 1324 ἅκληρον
619 1229 688 1291 τῶν
708 1224 827 1314 ἑαυτῆς
849 1223 1018 1312 πατριόων
1039 1227 1142 1288 καθι-

61 1329 235 1411 σταμένην,
260 1319 369 1401 ἂλλως
390 1348 427 1391 τε
447 1328 504 1392 καί
525 1325 637 1410 μόνων
657 1327 783 1393 τούτων
803 1331 870 1393 τῶν
893 1326 993 1393 δικῶν
1009 1318 1142 1392 ἀκινδύ-

59 1450 125 1491 νων
139 1437 213 1501 τοῖς
236 1419 463 1491 διώκουσιν
428 1448 537 1494 ουσων
559 1431 615 1494 καὶ
638 1427 712 1506 ἰξὸν
727 1453 774 1514 τιγ
761 1430 984 1551 βουλρμένιγ
999 1432 1142 1514 βοηθεῖν
1185 1462 1188 1469 ·

56 1540 135 1601 ταῖς
150 1524 362 1612 ἐπικληροις,·
377 1521 718 1613 οδαε’γὰρ;ἒπιτίμιον
734 1542 809 1604 ταῖς
824 1527 910 1611 πρὸς
920 1528 983 1596 ,τὸν
1000 1524 1142 1616 ἄρχοντα
1158 1534 1193 1588 47

55 1628 284 1712 εἰσαγγελίαις
312 1627 459 1706 ἔπεστιν,
489 1622 565 1693 οὐδὲ
594 1627 651 1694 ἐὰν
673 1629 840 1718 μηδεμίαν
867 1625 933 1696 τῶν
955 1629 1083 1718 ψήφων
1110 1631 1143 1695 οἱ

10 1732 12 1737 ’
53 1727 326 1812 εἰσαγγείλαντες
346 1726 590 1812 μεταλάβωσιν,
621 1724 697 1795 οὔτε
718 1743 904 1818 πρυτανεῖα
933 1726 1009 1798 οὔτε
1031 1729 1142 1818 παρά-

56 1850 182 1906 στασις
205 1822 346 1910 οὐδεμία
366 1833 503 1897 τίθεται
524 1834 590 1896 τῶν
613 1829 843 1918 εἰσαγγελιῶν·
875 1825 960 1899 οἰλλδι
988 1847 1060 1911 τοῖς
1081 1834 1141 1918 μὲν

57 1930 239 1998 διώκουσιν
263 1924 444 2009 ἀκινδύνως
474 1924 696 2018 εἰσαγγέλλειν
719 1929 843 2017 ἐ’ξεστι,
868 1961 921 2061 τιγ
903 1938 1139 2064 βουλομένιγ,

57 2048 130 2111 τοῖς
154 2026 186 2098 δ’
212 2029 444 2117 ἁλισκομένοις
466 2033 532 2120 (αἱ)
556 2033 694 2118 ἔσχαται
716 2037 905 2125 τιμωρίαι’
892 2041 950 2104 επὶ
971 2051 1047 2115 ταῖς
1070 2037 1139 2103 εἰσ-

58 2133 272 2221 αγγελίαις”
255 2154 415 2201 επεισιν.
447 2134 566 2202 ἔπειτα
597 2135 672 2202 εἰ
655 2163 694 2224 ην
725 2137 803 2216 ἒξ’
789 2145 944 2226 εγγυητῆς
970 2135 991 2225 5
1019 2138 1139 2204 τούτου
1154 2146 1191 2204 48

58 2230 224 2324 ἀδελφιδῆ
244 2262 291 2322 τιγ
278 2233 463 2326 ἡμετέραν
477 2242 539 2303 θεί
526 2243 567 2323 ίιγ
589 2243 794 2359 γεγενημένη,
815 2237 1004 2333 ἐπέτρεψεν
1021 2227 1062 2302 δν
1076 2245 1153 2305 Νι-·

56 2334 249 2426 κόδημος“
223 2362 270 2416 ως
293 2337 330 2416 ἐξ
349 2324 539 2458 ἑταίραςς
502 2360 611 2407 ουσαν
622 2331 723 2425 αυτὴν
741 2337 950 2462 ἐγγυρῖσθαις
971 2340 1027 2405 καὶ
1048 2363 1141 2426 γενο-

57 2445 166 2524 μένων
190 2433 300 2505 αδτιῦν
323 2432 381 2506 οὐκ
411 2429 451 2505 δν
475 2439 663 2563 εἰσήγγελλε
673 2439 794 2567 γτρδς
792 2438 851 2508 τδν
881 2436 1024 2527 ἄρχοντα
1045 2437 1140 2564 5555-

58 2539 237 2622 ζεσθοι
202 2567 262 2627 την
283 2538 502 2663 ἐπίκληρον(
485 2541 553 2609 υπὸ
576 2546 636 2609 τοῦ
651 2535 758 2621 οὕτως
779 2541 997 2633 ἕγγυήσαντος
1020 2537 1140 2634 αυτήν,·

56 2646 113 2709 καὶ
136 2628 208 2709 εἰ
188 2667 228 2730 ην
259 2635 421 2763 ιἰληθηι
399 2669 423 2708 α
451 2670 508 2711 νυν
511 2645 752 2767 ἰτετόλμηκας
772 2651 996 2736 μαρτυρῆσαι,
1027 2671 1139 2732 παρα-

54 2769 167 2862 χρημα
190 2737 300 2820 εὐθυς
329 2743 406 2810 τότε
435 2743 631 2866 έριμωρήσω
656 2737 696 2814 δν
717 2746 776 2814 τὸν
806 2741 995 2815 ἀδικοῦντα.
1040 2737 1138 2834 ἢκαί

56 2850 163 2913 ταῦτα
193 2847 313 2912 λαθεῖν
343 2845 489 2912 σεαυτὸν
513 2848 751 2934 προσποιήση,·
780 2843 889 2913 ἐπειτ
916 2841 1031 2913 οιίδΗ
1018 2871 1053 2911 εκ
1079 2850 1139 2931 τῆς
1153 2863 1191 2919 49

57 2945 281 3035 ἐπιδοθείσης
296 2941 380 3033 αὐτῇ
396 2946 538 3034 προικὸς
551 2943 680 3032 ᾔσθοο,·
702 2939 859 3011 ὥστεκαὶ
877 2941 922 3012 δι’
944 2939 1023 3011 αὗτὸ
1040 2949 1138 3013 τοῦτο

58 3041 325 3136 ολγανακτησαντι
357 3047 467 3135 δήπου
490 3068 545 3113 σοι
575 3045 778 3132 εἰσαγγεῖλαι
799 3045 858 3112 τὸν
879 3042 1013 3115 ’Ένδιον
1034 3069 1139 3135 προσ-

55 3154 142 3238 ῆκεν,
167 3149 198 3216 εἰ
214 3143 316 3229 αὐτὸς
336 3150 397 3235 μὲν
411 3143 629 3238 τριτάλαντον
645 3145 736 3216 οἰκον
751 3147 836 3232 ἔχειν
849 3142 947 3237 ἠξίου
963 3144 1009 3227 ὥς
1031 3171 1139 3238 προσ·

56 3255 134 3340 ῆκον
165 3245 264 3338 αὐτῷ,
293 3256 334 3339 τῇ
365 3252 400 3318 δὲ
427 3257 547 3341 γνησίᾳ
577 3247 658 3340 οὔσῃ
680 3256 827 3342 θυγατρὶ
852 3255 964 3338 χιλίας
991 3251 1138 3342 δραχμὰς

143 3404 189 3459 45.
210 3409 222 3457 1
244 3399 427 3457 διαδικασίαει
451 3421 499 3458 em.
517 3404 580 3458 Rsk.
604 3435 635 3445 -
661 3405 839 3475 265591311„
863 3406 962 3462 δαυτδν
983 3404 1136 3470 ἰπιδικαζο-

54 3492 154 3556 μένους
171 3482 239 3555 ἡμᾶς
250 3489 325 3541 Rsk.:
345 3485 412 3557 ἡμᾶς
428 3520 462 3529 -
481 3495 496 3543 5
514 3488 666 3561 ἐπέτρεψας
678 3482 713 3541 δν
724 3490 781 3543 ΑΙδ.
795 3495 821 3544 et
832 3493 904 3560 vulg.
921 3522 955 3532 —
974 3495 998 3544 6.
1018 3495 1032 3541 ῖ
1052 3478 1138 3541 οὖσαν

55 3574 154 3639 ἐκείνῳ
174 3573 249 3626 Fuhr.
330 3573 375 3628 46.
397 3580 407 3627 l
427 3568 462 3627 ἂν
480 3575 529 3628 del.
548 3574 581 3626 de
598 3589 656 3626 meo
675 3603 707 3612 —
726 3579 740 3628 5
759 3575 877 3642 βοηθοῗ.
895 3594 942 3645 γα,
961 3590 1024 3626 corr.
1046 3578 1068 3625 1.

54 3657 98 3713 Η.
114 3662 130 3711 2
149 3660 271 3711 ἔνεστινι
289 3675 338 3712 em.
351 3659 412 3711 Rsk.
431 3687 463 3696 -
481 3656 618 3727 μηδεμίαν
629 3659 690 3713 Bk:
709 3654 838 3729 οὐδεμίαν
855 3691 889 3701 -—
907 3663 960 3713 54
978 3659 1097 3726 Harpocr.
1111 3675 1135 3708 v.

54 3739 242 3815 παράστασις·
258 3741 303 3795 Ἰσ.
322 3745 352 3795 ίν
370 3743 412 3808 τῷ
429 3747 492 3812 περὶ
509 3744 558 3795 τοῦ
572 3742 681 3816 Πύρρου
698 3741 796 3815 κλήρου
814 3775 847 3784 -
866 3749 882 3798 6
900 3741 931 3794 αἱ
947 3742 1004 3795 add.
1018 3741 1136 3794 Schoem.

126 3827 205 3884 451
226 3827 256 3890 ἐξ
273 3843 293 3880 s.
312 3844 337 3879 v·
361 3832 369 3879 1
389 3854 424 3866 -
443 3829 458 3879 6
476 3830 534 3880 καλε
552 3825 587 3892 νὴ
605 3830 658 3880 Δία
676 3828 792 3896 Sauppe,
811 3829 839 3879 st.
858 3831 905 3880 ναὶ
922 3823 960 3892 μὰ
969 3828 1022 3878 Δία
1040 3827 1086 3876 καί
1103 3850 1136 3860 -

52 3909 251 3979 τετολμήκασιε
271 3928 321 3967 em.
332 3908 396 3967 Rsk.
447 3909 492 3965 4⁹.
506 3913 560 3964 54
578 3909 708 3983 προσήκει
726 3907 807 3963 αὐτὸς
824 3925 870 3978 ρο,
889 3913 982 3962 com
1000 3939 1033 3948 —
1052 3911 1067 3958 5
1087 3904 1138 3955 θυ-

50 4000 140 4068 γατρὶ
156 3994 243 4062 χιλίας
261 3996 462 4050 Rauchenstein:
480 3991 635 4065 τρισχιλίας.
