2572 4476
386 112 463 166 ΠΕΡΙ
480 111 544 167 ΤΟΥ
560 112 678 167 ΑΓΝΙΟΥ
695 114 831 168 ΚΛΗΡΟΥ.

10 296 49 356 ⁵25:
91 277 155 349 οάτε
175 284 216 369 τῇ
238 279 296 347 τὸν
318 282 438 370 κλήρον
467 279 583 370 ἐχούσῃ
612 282 650 350 τὸ
674 290 943 373 προνενικηκέναι
972 284 1050 363 τοὺς
1072 287 1156 354 κατὰ

10 406 27 458 ,ν
83 382 242 473 διαθήκην
258 375 587 472 ἀμφισβητήσαντας,
611 379 687 451 οάτε
701 412 740 473 τη
763 385 858 475 ἑτέρη
872 385 910 453 τὸ
927 393 1053 476 μητέρα
1069 386 1156 458 είναι

75 489 133 554 τοῦ
152 483 215 552 τὸν
244 486 363 572 κλῆρον
385 485 646 568 καταλιπόντος,
677 480 752 553 ἀλλ’
779 482 884 566 οάτως
907 490 940 554 σί
961 489 1039 556 τότε
1061 491 1155 558 δικά-

70 588 183 670 ζοντες
206 588 264 653 καὶ
277 584 315 653 τὸ
341 587 470 654 δίκαιον
484 588 541 654 καὶ
555 585 634 665 τοὺς
655 580 773 674 ὅρκους
787 591 866 674 περὶ
883 591 1012 657 πολλου
1035 590 1154 678 ἐποιή-

67 713 185 771 σαντο,
210 681 292 754 ὥστ’
312 685 386 772 έμοὶ
402 691 450 774 τῷ
466 686 548 755 κατὰ
563 688 642 767 τοὺς
665 690 786 774 νόμους
809 685 1077 780 ἀμφισβητοῦντι
1094 692 1153 780 τήν

63 796 192 880 ψῆφον
213 785 361 879 ἤνεγκαν.
411 796 522 858 καίτοι
548 790 578 857 εἰ
604 788 666 868 τὰς
687 792 747 875 μέν
778 798 927 880 νενίκηκα
955 796 1072 860 τοῦτον
1093 793 1152 862 τὸν
1169 811 1205 866 19

60 893 215 982 τρόπον,
245 891 417 970 ἐπιδείξας
444 892 547 980 μηδὲν
573 888 689 981 Ἁγνίᾳ
717 887 791 959 κατ’
825 887 1014 980 ἀγχιστείαν
1044 920 1153 984 προσ-

58 995 227 1086 ηκούσας,
251 987 348 1071 οὗτος
371 994 407 1059 δὲ
428 992 472 1081 μή
490 990 669 1083 ἐτόλμησεν
685 989 894 1084 ἀντιδικήσαι
909 1000 957 1083 τῴ
976 999 1076 1066 παιδὶ
1093 1002 1154 1066 τοῦ

57 1093 270 1185 ἡμικληρίου
293 1094 381 1183 πρὸς
401 1091 504 1183 ἡμᾶς,
528 1096 561 1161 οἱ
584 1096 620 1162 δὲ
642 1102 805 1183 Στρατίου
827 1099 949 1177 παῖδες
972 1101 1004 1166 οἱ
1030 1094 1153 1168 ταύτὸν

56 1199 178 1285 τούτῳ
202 1196 427 1285 προσήκοντες
454 1196 539 1285 μηδὲ
567 1200 623 1264 νῦν
647 1191 797 1276 ἀξιοῦσιν
827 1193 1037 1289 ἀντιδικήσαι
1066 1201 1153 1290 πρὸς

57 1301 121 1386 ἐμὲ
145 1303 233 1388 περὶ
257 1293 375 1380 αὐτῶν,
405 1298 468 1382 ἔχω
498 1292 530 1364 δ’
556 1298 701 1387 ἐγώτὸν
728 1303 848 1389 κλήρου
871 1301 1153 1386 ἐπιδικασάμενος

56 1396 153 1493 παρ’
174 1398 264 1487 ὑμῖν,
288 1400 443 1488 ἐξελέγχω
467 1401 503 1468 δὲ
518 1405 636 1467 τοῦτον
657 1402 799 1490 μηδέπω
814 1403 870 1468 καὶ
885 1403 1026 1491 τήμερον
1042 1397 1148 1486 ἔχοντ’

57 1507 183 1574 εἰπεῖν
205 1497 225 1571 ὅ
246 1530 280 1570 τι
309 1499 326 1570 δ
352 1518 434 1582 παῖς
454 1499 571 1592 Ἁγνίᾳ
600 1503 762 1592 προσήκει
791 1498 865 1570 κατ>
891 1499 1089 1591 ἀγχιστείαν,
1119 1511 1154 1571 τί

58 1609 116 1677 ’ἑτι
140 1608 199 1674 δεῖ
219 1601 378 1690 μαθεῖνί
361 1609 447 1688 υμᾶς
467 1595 542 1692 ήτ
511 1611 542 1685 (τ
545 1609 571 1690 ί)
594 1599 773 1672 ποθεῖτε’
756 1609 895 1672 ακοῦσαι
889 1608 990 1728 περὶ
1008 1606 1153 1689 τούτων,·

58 1709 129 1799 ἐγώ
162 1709 226 1794 μέν
253 1707 317 1795 γὰρ
345 1702 392 1785 ιδς
421 1694 456 1773 εά
485 1712 667 1795 φρονοῦσιν
695 1703 774 1791 ὑμῖν
805 1705 901 1773 ἱκανὰ
929 1705 972 1773 τὰ
996 1706 1152 1795 εἰρημένα

60 1838 128 1897 νομ
132 1811 207 1892 ί.ζω

163 1905 270 1989 Οὗτος
300 1917 411 1978 τοίνυν
434 1903 601 2000 ῥφδίως”
581 1938 598 1978 ο
621 1937 656 1978 τι
679 1900 719 1977 άν
740 1909 819 1998 τύχη
844 1910 1063 1996 ψευδόμενος,
1093 1913 1150 1978 καί
1165 1925 1204 1980 20

62 2014 127 2104 τήν
143 2009 249 2081 αὑτοῦ
265 2019 430 2102 πονηρίαν
446 2006 605 2098 οὐδεμίαν
628 2012 747 2100 ζημίαν
762 2008 849 2078 εἶναι
870 2011 1021 2095 νομίζων,
1044 2015 1152 2099 τολμᾷ

63 2143 109 2203 με
133 2115 331 2201 διαβάλλειν
361 2111 446 2181 ἀλλα
474 2140 512 2181 τε
534 2112 660 2193 πολλά,
691 2114 771 2199 περὶ
793 2105 840 2177 ὦν
862 2111 1051 2198 ποιήσομαι
1072 2111 1152 2190 τοὺς

65 2220 192 2306 λόγους
213 2217 312 2300 τάχα,
336 2220 392 2283 καὶ
416 2218 486 2283 νυνὶ
509 2218 595 2302 λέγει
610 2210 656 2292 ὡς
679 2211 934 2296 ἒκοινωσάμεδα
956 2210 1018 2298 ἐγώ
1037 2238 1073 2277 τε
1095 2214 1152 2279 καὶ

65 2321 291 2407 Στρατοκλῆς,
316 2316 374 2385 τὸν
396 2311 509 2405 ἀγῶνα
533 2316 673 2384 εἰσιέναι
694 2317 774 2403 περὶ
796 2316 856 2380 τοῦ
870 2313 990 2402 κλήρου
1011 2316 1151 2400 μέλλον-

66 2447 134 2502 τες.
174 2420 192 2489 ὃ
208 2420 325 2504 μόνοις
339 2416 419 2507 ήμῑν
434 2422 501 2484 τῶν
517 2412 741 2506 ἀμφισβητεῖν
756 2422 1077 2505 παρεσκευασμένων
1093 2411 1152 2484 οὐκ

66 2524 158 2611 ἐνῆν,
182 2521 495 2609 διομολογήσασθαι
522 2517 609 2608 πρὸς
632 2512 802 2607 ἀλλήλους.
854 2523 896 2608 τῇ
917 2518 1060 2607 μὲνγὰρ
1084 2512 1149 2586 Εὖ·
1167 2533 1203 2591 21

64 2625 229 2712 βουλίδου
251 2626 394 2711 θυγατρὶ
417 2625 475 2689 καὶ
495 2625 537 2709 τῇ
560 2617 690 2708 Ἁγνίου
713 2624 814 2711 μητρί
836 2620 924 2709 πρὸς
951 2618 1039 2711 ήμᾶς
1063 2614 1151 2708 ἀγω-

66 2727 276 2811 νιζομένοις,
304 2723 349 2811 μή
377 2722 461 2790 κατὰ
483 2717 584 2790 ταάτδ
610 2718 917 2840 ἀμφισβητοάσαις,
947 2720 1022 2807 ἒνήν
1047 2723 1150 2811 ποιή-

67 2833 205 2897 σασθαι
235 2826 417 2915 συνθήκας,
449 2816 489 2892 ἀν
511 2822 531 2946 ή
555 2824 652 2912 ἑτέρα
680 2828 769 2912 νικᾷ,
798 2827 949 2907 μετεῖναί
976 2847 1010 2887 τι
1031 2823 1087 2887 καί
1108 2826 1151 2909 τή

65 2929 214 3021 ήττηθεί
215 2949 272 3018 ση
301 2928 377 2994 καδί
365 2933 456 3005 ίσκος
483 2925 545 3013 γάρ
575 2924 733 3011 ἔμελλεν(
758 2923 897 3049 ἑκατέρη
926 2920 1149 3010 τεθήσεσθαι.

65 3031 106 3101 τδ
134 3026 167 3098 δ
185 3027 345 3120 ἡμέτερον
369 3024 406 3096 οά
429 3031 581 3096 τοιοῦτον
604 3025 652 3115 ήν,
677 3020 789 3092 ἀλλ’ι
779 3051 814 3092 εν
836 3022 873 3092 τὸ
897 3029 990 3112 γένος
997 3076 1006 3105 ,
1030 3022 1089 3091 δύο
1113 3025 1150 3091 δέ

67 3133 190 3223 λήξεις,
212 3128 408 3222 ήμικληρίυυ
424 3130 584 3217 ἑκατέρῳ
608 3142 679 3207 τοῖς
702 3129 738 3195 δὲ
752 3127 836 3194 κατὰ
851 3121 957 3194 ταύτὰ
977 3122 1149 3216 ἀμφισβη-

140 3360 157 3409 4
174 3357 419 3426 προνενικηκέναι
432 3383 464 3392 -
482 3357 498 3407 8
517 3347 592 3406 ὥστε(
600 3371 661 3419 μοιι
681 3369 729 3405 em.
742 3352 789 3405 Bk.
842 3352 885 3406 19.
898 3355 915 3404 4
926 3347 1005 3418 δμᾶεε
1025 3367 1073 3402 em.
1086 3351 1149 3404 Rsk.

66 3471 103 3483 -
121 3439 150 3493 οἱ
166 3437 209 3494 δίε
228 3458 243 3491 ο
262 3455 352 3492 ecorr.
368 3443 379 3492 1
399 3468 433 3477 —
451 3431 559 3506 ῖδμῶν
574 3452 621 3504 φτ,
634 3452 698 3489 corr.
712 3439 727 3488 2
740 3465 773 3475 -
784 3427 876 3500 ἔχοντ’
891 3451 955 3488 corr.
974 3438 995 3498 1,
1011 3428 1147 3497 έχ.....τ’

68 3544 109 3596 pr.
129 3532 156 3594 (τ
174 3528 231 3581 [οδ.
251 3543 314 3579 corr.
333 3540 365 3578 ex
383 3542 418 3590 π,
442 3523 517 3576 tertia
543 3522 583 3576 lit.
601 3535 667 3574 eras.
690 3521 739 3574 ruit
756 3522 782 3586 τ)
806 3549 839 3559 -
862 3523 877 3572 9
896 3525 926 3571 τί
942 3518 1000 3571 add.
1018 3517 1080 3570 Rsk.

66 3611 117 3667 20.
136 3616 151 3664 4
169 3611 239 3677 τάχα
257 3615 303 3662 καὶ
321 3609 348 3662 in
365 3611 443 3661 ras‚³
462 3606 512 3659 litt.
526 3621 589 3658 corr.
605 3607 617 3656 1
637 3603 717 3670 (τάχα
735 3621 784 3658 om.
803 3609 864 3672 pr.):
883 3597 953 3666 τάχα
971 3597 1002 3654 δὲ
1018 3604 1064 3653 καὶ
1077 3599 1149 3664 Rsk„

68 3697 158 3750 malim
176 3701 222 3748 καὶ
246 3695 317 3760 τάχα
333 3696 380 3747 καί
466 3690 509 3746 21.
528 3694 544 3744 3
562 3685 632 3741 κατὰ
653 3685 740 3742 ταύτὸ
758 3703 821 3741 corr.
840 3689 865 3751 2,
889 3682 953 3739 κατ’
975 3681 1042 3740 αὐτὸ
1059 3703 1096 3754 pr.
1114 3713 1151 3726 -

68 3789 84 3836 4
103 3777 122 3849 ἦ
140 3798 161 3834 ε.
179 3799 205 3834 v.
225 3785 237 3834 1
264 3811 298 3820 —
321 3798 362 3832 τι.
381 3795 419 3846 pr.
441 3805 473 3818 -
497 3776 651 3843 bflarpocr.
669 3791 694 3827 v.
713 3769 850 3825 καδίσκον·
865 3765 962 3824 Ἰσαῖον
978 3774 1009 3825 ίν
1025 3773 1067 3840 τῷ
1086 3771 1149 3837 περὶ

67 3868 120 3922 τοῦ
134 3863 243 3939 Ἁγνίου
261 3863 358 3937 κλήρου
375 3891 409 3904 -
428 3866 442 3914 7
460 3862 549 3914 ταῦτα
566 3877 612 3929 φα,
632 3875 695 3912 corr.
714 3861 729 3911 2

925 3943 957 3994 9*
