2550 4478
118 211 171 278 '98
614 220 724 275 ΙΣΛΙΟΥ
1143 239 1180 282 οι.
1194 239 1214 281 ε.

129 401 200 466 τοῖς
221 383 396 476 ἡμετέροις
419 379 459 456 όν
482 383 708 478 ἆπιστήσαιτε
730 391 882 473 εἰκότως,
906 385 991 458 άλλόι
1015 390 1106 458 πολύ
1129 392 1214 473 μᾶλ-

130 491 187 556 λον
209 504 281 569 τοῖς
302 491 430 558 τούτων
451 492 627 580 μάρτυσιν.

77 599 114 654 15
213 588 331 677 Ἡμεῖς
352 600 464 662 τοίνυν
485 597 540 661 καί
565 591 650 662 άλλα
672 596 831 685 τεκμήρια
846 595 934 685 πρὸς
947 595 1084 673 τούτοις
1100 595 1215 678 ἔχομεν

130 694 255 778 εἰπεῖν,
288 696 345 763 ἵνα
373 696 547 783 γνώσεσθε
577 690 631 764 ότι
665 696 700 764 ἐκ
727 697 897 785 θυγατρὸς
929 693 1027 786 ἡμεῖς
1060 702 1213 785 Κίρωνος

131 797 238 884 ἐσμέν.
284 798 340 865 οἷα
362 797 424 887 γάρ
448 798 536 878 εἰκός
558 800 692 867 παίδων
714 802 813 867 υἱέων
832 799 868 878 ἐξ
888 799 1010 867 ἑαυτοῦ
1030 800 1210 888 θυγατρός,

131 894 351 967 οὐδεπώποτε
371 907 498 969 θυσίαν
522 898 600 969 άνευ
627 898 721 989 ἡμῶν
744 896 902 987 οὐδεμίαν
931 901 1103 991 ἐποίησεν,
1135 895 1208 968 ἄλλ’

131 1003 165 1069 εί
184 1027 221 1069 τε
241 1001 344 1090 μικρά
367 1003 402 1069 εί
420 1028 457 1070 τε
478 1003 607 1089 μεγάλα
629 1004 722 1080 θύοι,
745 1007 917 1087 πανταχοῦ
939 1007 1094 1090 παρῆμεν
1117 999 1213 1092 ἡμεῖς

129 1106 184 1171 καὶ
209 1103 424 1189 συνεθύομεν.
461 1109 517 1172 καί
533 1100 571 1172 οῦ
593 1105 697 1190 μόνον
713 1108 761 1185 εἷς
782 1106 824 1173 τά
840 1110 979 1174 τοιαῦτα
1003 1105 1210 1194 παρεκαλοῦ-

129 1209 238 1291 μεθα,
268 1199 353 1271 ἀλλὰ
382 1209 438 1272 καὶ
467 1206 516 1283 είς
536 1207 704 1275 Διονύσια
734 1208 782 1287 εἷς
805 1202 906 1297 άγρδν
936 1195 1013 1295 ἦγεν
1037 1201 1091 1275 άεὶ
1113 1204 1209 1296 ἡμᾶς,

77 1309 114 1366 16
130 1307 187 1372 καὶ
208 1299 282 1391 μετ’
309 1305 433 1374 ἐκείνου
461 1332 499 1373 τε
526 1306 739 1396 έθεωροῦμεν
767 1309 956 1396 καθήμενοι
984 1303 1068 1395 παρ’
1100 1303 1210 1391 αῦτόν,

129 1406 271 1487 καὶτὰς
298 1407 416 1497 ἑορτὰς
443 1404 565 1498 ἤγομεν
594 1404 678 1497 παρ’
705 1409 828 1477 ἐκεῖνον
856 1410 986 1488 πάσας·
1016 1414 1064 1497 τηῦ
1086 1417 1149 1478 Διί
1176 1435 1211 1477 τε

129 1511 225 1578 θύων
246 1515 296 1599 τῷ
310 1517 457 1600 Κτησίιγ,
480 1514 560 1600 περὶ
581 1511 622 1600 ἣν
644 1507 780 1597 μάλιστ)
799 1512 922 1591 ἐκεῖνος
943 1518 1071 1580 θυσίαν
1088 1512 1210 1580 ἐσπού-

131 1613 208 1695 δαζε
229 1615 286 1680 καὶ
313 1609 390 1682 ούτε
415 1613 552 1692 δούλους
582 1619 749 1704 προσῆγεν
772 1610 848 1682 ούτε
873 1614 1072 1703 ἐλευθέρους
1095 1609 1210 1682 ὀθνεί-

131 1743 198 1795 ους,
221 1710 296 1783 άλλ’
323 1711 424 1794 αὐτὸς
453 1711 500 1784 δι’
527 1716 647 1784 ἑαυτοῦ
668 1711 772 1784 πάντ’
799 1717 919 1785 ἐποίει.
968 1716 1095 1806 ταύτης
1116 1714 1210 1805 ἡμεῖς

116 1817 368 1902 ’ἓκοινωνοῦμεν
383 1817 495 1884 καὶτὰ
517 1817 590 1906 ἱερά
613 1824 943 1907 συνεχειρουργοῦμεν
957 1821 1014 1886 καί
1037 1826 1209 1887 συνεπετί-

129 1923 236 2001 θεμεν
263 1920 320 1984 καί
347 1905 453 1983 τᾶλλα
476 1922 726 2002 συνεποιοῦμεν,
754 1924 810 1987 καὶ
839 1917 955 2010 ηύχετο
978 1917 1058 2009 ἡμῖν
1084 1918 1209 2008 ῦγίειαν

132 2017 264 2096 διδόναι
291 2019 348 2084 καὶ
374 2021 490 2105 κτῆσιν
519 2012 662 2106 ἀγαθήν,
693 2012 808 2109 ὥσπερ
832 2020 920 2100 εἰκός
948 2019 1030 2090 όντα
1053 2022 1207 2090 πάππον.

78 2121 112 2178 Π
131 2126 242 2187 καίτοι
264 2119 295 2186 εί
315 2117 360 2205 μὴ
383 2120 608 2206 θυγατριδοῦς
628 2117 717 2209 ἡμᾶς
739 2121 886 2207 ἐνόμιζεν
909 2120 996 2192 εἶναι
1018 2126 1074 2191 καὶ
1089 2124 1207 2208 μόνους

132 2219 283 2308 ἐκγόνους
310 2220 399 2309 ἕιύρα
428 2220 569 2300 λοιπούς
597 2225 918 2310 καταλελειμμένους
946 2222 1053 2312 αῦτηῖ,
1084 2220 1143 2293 οῦκ
1169 2219 1206 2290 όν

131 2349 216 2390 ποτε
231 2323 342 2392 έποίει
355 2323 483 2391 τούτων
498 2317 603 2406 οὐδέν,
627 2319 711 2393 ἀλλὰ
726 2321 819 2393 τόνδ’
840 2317 880 2393 άν
897 2323 987 2413 αῦτηῦ
1008 2334 1203 2413 παρίστατο,

132 2424 170 2503 ὂς
186 2419 387 2514 ἀδελφιδοῦς
403 2421 505 2493 αὐτοῦ
521 2431 578 2494 νῦν
594 2423 681 2495 είναί
696 2451 791 2518 φησι.
828 2432 883 2496 καί
905 2422 1009 2495 ταῦθ)
1028 2421 1083 2495 ότι
1098 2423 1204 2519 ἀληθῆ

107 2540 110 2543 ’
131 2519 233 2592 πάντ’
253 2525 353 2608 ἐστίν,
376 2521 597 2616 ἀκριβέστατα
617 2528 679 2612 μὲν
701 2530 734 2596 οί
755 2534 816 2597 τοῦ
831 2530 978 2596 πάππου
1000 2530 1205 2614 θεράποντες

131 2626 255 2708 ἰ’σασιν,
278 2625 335 2705 οῦς
357 2623 455 2707 οὗτος
475 2629 697 2718 παραδοῦναυ
710 2629 759 2707 εἰς
777 2629 926 2714 βάσανον
949 2622 1006 2693 οῦκ
1032 2623 1205 2720 ἠθέλησεν,

131 2729 228 2797 ίσασι
256 2729 293 2795 δέ
321 2728 391 2817 (τὰ)
421 2737 696 2821 περιφανέστατα
722 2732 778 2796 καὶ
800 2732 868 2796 τιῦν
890 2727 1003 2814 ἐκείνῳ
1028 2737 1205 2815 χρωμένων

131 2837 228 2914 τινές,
253 2831 310 2910 οῦς
331 2832 522 2921 παρέξομαι
542 2833 721 2922 μάρτυρας.
764 2836 835 2899 Καί
856 2857 915 2916 μοι
938 2831 1018 2916 λαβὲ
1040 2827 1103 2908 τάς
1124 2857 1207 2920 μορ

132 2943 248 3024 τυρίας
267 2938 322 3002 καὶ
347 2929 529 3022 άνάγνωθι.

556 3040 786 3093 MAPTYPIAI.

80 3138 116 3194 18
224 3115 272 3189 Οῦ
293 3125 404 3188 τοίνυν
427 3119 461 3186 ἐκ
483 3120 609 3186 τούτων
632 3119 733 3206 δῆλόν
756 3119 828 3188 ἐστι
849 3121 953 3208 μόνον
975 3115 1028 3187 ότι
1050 3104 1090 3205 ἦν
1116 3115 1215 3207 ἡμῶν

131 3217 152 3308 ἡ
174 3221 281 3307 μήτηρ
303 3220 454 3307 θυγάτηρ
475 3225 595 3308 γνησία
609 3223 772 3304 Κίρωνος,
796 3212 882 3282 άλλδι
903 3221 960 3283 καὶ
982 3217 1019 3297 ἒξ
1038 3213 1118 3286 ὦνό
1143 3245 1218 3286 ποτ

131 3318 193 3407 τδρ
215 3315 308 3406 ἡμῶν
330 3318 455 3406 έπραξε
476 3322 532 3385 καί
555 3317 591 3396 έξ
612 3311 659 3382 ὦν
682 3317 718 3383 αἱ
739 3329 890 3403 γυναῖκες
912 3318 948 3384 αἱ
969 3322 1036 3386 τιῦν
1058 3320 1223 3409 δημοτῶν

220 3545 251 3595 10
269 3536 405 3610 ὑμετέροις
422 3556 469 3607 pr„
487 3557 550 3598 corr.
570 3544 585 3595 2
609 3569 643 3579 -
666 3532 849 3605 ἆπιστήσητεε
867 3553 916 3592 em.
935 3539 983 3594 Bk.
1051 3541 1095 3596 15.
1115 3544 1130 3594 2
1149 3541 1221 3594 ίναε

133 3622 172 3677 οίε
188 3624 235 3677 Bk.
254 3655 286 3663 -
303 3619 456 3696 γνύσ.σθτ
474 3643 519 3693 με,
542 3627 671 3690 simas.
695 3641 759 3678 corr.
778 3627 792 3677 2
811 3623 869 3689 (sio)
893 3650 924 3662 —
950 3629 965 3677 3
983 3620 1096 3677 παίδων
1114 3627 1141 3678 in
1160 3642 1214 3679 ras.

133 3707 192 3764 add.
207 3713 233 3761 1:
251 3705 368 3765 πάππον
378 3705 448 3762 ὄντα
460 3712 550 3763 ποιεῖν
561 3711 623 3765 Rsk.
641 3739 674 3748 -
691 3708 786 3762 υἱέωνε
805 3704 897 3760 ὄντων
910 3707 1013 3776 Sauppe
1031 3738 1065 3747 -
1083 3705 1222 3779 ὅπάραν

132 3791 184 3860 μιν
202 3808 248 3859 μμ,
267 3810 330 3848 corr.
350 3798 374 3848 2.
442 3795 485 3848 16.
504 3798 519 3847 3
538 3794 607 3847 τοῦ..
625 3810 663 3861 pr.
680 3823 715 3832 -
733 3796 785 3846 621
804 3791 1000 3860 συνιτίθεμενε
1019 3810 1068 3847 em.
1088 3793 1166 3848 Schb.
1179 3824 1212 3834 -·

134 3881 148 3930 7
166 3864 235 3929 τάλα
253 3882 316 3941 (σου.
334 3880 360 3931 in
372 3881 442 3943 του).
511 3877 551 3932 17.
570 3881 586 3931 6
604 3863 683 3932 οὗτος
694 3876 767 3931 Dbr.:
786 3874 867 3930 αδτδε
883 3906 915 3917 -
936 3882 949 3931 7
968 3875 1005 3931 τὰ
1023 3877 1080 3931 add.
1093 3877 1126 3931 de
1144 3894 1213 3933 meo.

216 3961 261 4018 18.
279 3965 294 4016 3
312 3967 343 4013 ku
360 3968 419 4015 ante
436 3961 496 4016 τῶν
514 3958 577 4031 δημ.
594 3978 658 4016 em.
1083 3952 1085 3956 Α
