2572 4476
77 241 122 296 ΧΠ
511 241 704 297 rnnurnrlo.

47 409 51 416 ’
79 400 304 481 scriptumest,
328 400 377 461 ubi
400 400 487 479 vulgo
508 394 634 483 μάρτυς
656 398 777 477 legitur3
800 397 858 459 hoc
880 396 995 459 enotavi
1018 396 1106 461 1116
1130 405 1157 458 et

79 497 120 559 IX
178 544 186 559 .

137 500 313 656 18Consouis
334 593 392 654 hoc
414 594 502 654 modo
525 592 735 671 suprascriptis
759 592 908 654 interdum
932 601 1078 654 accentus
1100 594 1159 655 cir·

81 760 242 821 cumllcxus
264 759 369 820 allixus
392 771 452 833 est,
476 757 564 818 veluti
590 755 617 817 ll
639 762 658 820 4
679 706 758 838 ponz
779 785 822 810 =
843 755 1007 838 μευεκλεῖ;
1035 755 1066 816 X
1087 759 1119 831 2,
1142 759 1160 822 8

80 925 134 1003 (==
149 923 190 984 lll
201 926 252 998 24,
260 926 291 1001 8)
307 871 423 986 ἑαήΞ
439 918 567 986 ἑαυτοῦ.
594 922 690 1001 Atque
706 940 773 983 cum
789 923 846 982 hoc
856 921 945 983 modo
961 921 1074 1000 scripta
1089 923 1160 995 sint,

80 1039 156 1099 quae
176 1020 265 1098 vulgo
286 1021 427 1098 leguntur
441 1018 481 1079 lll
498 1021 537 1082 76
561 1010 651 1103 αὐτῷ
666 1029 696 1081 et
710 1020 750 1080 lx
765 1021 805 1083 23
821 1019 942 1103 σαυτῷ,
965 1019 1073 1080 eodem
1095 1021 1162 1082 iure

80 1117 180 1196 legere
202 1117 315 1196 poteris
338 1107 440 1180 αὐτοῦ
462 1126 492 1176 et
514 1117 647 1196 σαυτοῦ,
671 1118 751 1196 quod
773 1116 926 1195 equidem,
950 1134 1017 1176 cum
1040 1126 1161 1179 certum

81 1213 250 1292 exemplum
272 1213 399 1293 syllabae
420 1212 469 1275 τώ
488 1212 547 1273 hoc
569 1214 657 1275 modo
680 1233 835 1294 expressae
857 1233 919 1275 non
946 1215 1159 1293 repperissem,

80 1304 310 1390 praeferendum
326 1329 389 1372 esse
405 1310 518 1371 censui.

167 1408 202 1469 ln
218 1408 322 1469 mediis
337 1406 487 1468 vocabulis
502 1408 612 1488 syllaba
627 1431 695 1490 ματ
710 1409 827 1488 saepius
842 1408 981 1470 scribitur
995 1430 1050 1490 μτ,
1066 1411 1161 1472 veluti

83 1502 230 1588 σώμτος,
254 1496 387 1587 inopen,
413 1500 558 1589 χρήμτα,
583 1501 783 1591 ἔγκλημ’τωυ.
827 1506 960 1567 Pertinet
981 1508 1040 1568 buc
1069 1508 1162 1568 etiam

81 1622 125 1718 ma
134 1682 177 1706 =
190 1649 275 1717 κατὰ
290 1663 320 1714 et
335 1653 552 1732 quodammodo
568 1653 592 1713 V
608 1659 627 1716 5
642 1649 842 1738 πολύαρτος.

168 1750 256 1822 Quod
271 1750 298 1811 ll
314 1754 353 1813 27
370 1750 479 1828 legitur
495 1747 548 1814 ὅτι
564 1751 742 1829 (accuratius
756 1753 833 1830 Δτλ,
849 1751 901 1812 sed
916 1750 1080 1813 litterarum
1094 1751 1160 1811 lor-

82 1869 155 1921 mas,
172 1847 280 1927 quibus
294 1848 463 1926 promiscue
473 1866 546 1908 usus
557 1857 602 1909 est
616 1849 723 1921 scriba,
740 1867 778 1909 ne
789 1849 820 1909 in
832 1850 954 1929 reliquis
969 1849 1090 1929 quidem
1106 1867 1161 1909 cu·

82 1945 155 2022 ravi)
170 1975 212 1994 =
227 1939 284 2007 διὰ
299 1945 348 2022 τί,
371 1943 478 2022 procul
499 1943 589 2004 dnbio
605 1964 641 2005 ex
659 1946 819 2025 archetypo
835 1947 980 2025 originem
1002 1947 1105 2021 duxit,
1129 1947 1160 2009 in

84 2061 144 2121 quo
158 2040 191 2133 4
207 2040 296 2103 luisse
318 2041 483 2120 putandum
505 2049 559 2102 est.
597 2043 683 2114 Quod
707 2042 826 2122 quidem
848 2044 1061 2123 compendium
1083 2045 1161 2106 iun

86 2164 147 2208 non
163 2143 286 2206 memini
301 2161 348 2204 me
362 2143 539 2223 repperisse.

170 2242 272 2303 Restat
287 2252 328 2315 ut,
345 2240 467 2318 nequid
481 2239 714 2319 praetermisisse
725 2241 834 2314 videar,
849 2244 906 2304 boc
918 2259 1162 2318 commemorem,

85 2340 189 2402 titulos
203 2349 289 2419 post
303 2347 477 2416 argumenta
492 2335 678 2397 orationibus
692 2338 764 2417 ipsis
779 2340 961 2419 praescripta
976 2358 1051 2400 esse.
1082 2341 1162 2403 Ante

86 2443 262 2516 argumenta
282 2435 391 2512 legitur
404 2428 574 2508 ὑπόθεσις
588 2433 648 2496 τοῦ
663 2429 737 2518 ἑξῆς
751 2436 796 2496 vel
816 2437 876 2500 τοῦ
891 2432 965 2520 ἑξῆς
978 2427 1162 2516 ὑπόθεσις,

87 2552 131 2596 or.
142 2534 196 2594 Vll
210 2519 379 2605 ὖπόθεσις
392 2531 451 2595 τοῦ
467 2521 707 2614 ἆττολλοδώρου
722 2529 852 2617 κλήρου,
868 2533 908 2593 lX
918 2526 1089 2610 ὑπόθεσις
1101 2537 1164 2600 τοῦ

87 2627 172 2714 ἓξής.
203 2629 362 2713 περὶτοῦ
386 2619 572 2713 ἇστυφίλσυ
594 2622 732 2712 κλήρου,
753 2628 780 2688 Χ
799 2621 969 2705 ὑπόθεσις
989 2631 1050 2694 τοῦ
1072 2628 1164 2716 πρὸς

87 2726 282 2805 ξυναίνεσον,
303 2719 388 2810 ὑπὲρ
411 2725 470 2788 τοῦ
485 2715 686 2809 ἀριστάρχου
701 2722 830 2811 κλήρου.
868 2727 959 2788 Tituli
975 2745 1082 2790 omnes
1096 2738 1129 2790 et
1143 2730 1163 2792 ii

86 2843 163 2904 quos
178 2823 266 2886 modo
282 2823 407 2885 indicavi
423 2831 452 2882 et
466 2822 487 2882 ii
503 2822 599 2899 quiin
616 2824 800 2886 orationibus
816 2825 888 2905 ipsis
902 2832 1011 2898 extant,
1026 2844 1043 2886 a
1059 2826 1164 2911 rubri·

87 2931 188 2985 calore
202 2922 275 3002 picti
290 2931 371 2983 sunt.

171 3020 224 3082 His
235 3020 325 3098 igitur
335 3019 426 3081 rebus
437 3017 577 3079 omnibus
586 3017 729 3097 neglectis
744 3037 924 3098 quamquam
938 3019 1053 3080 inutilia
1069 3040 1164 3100 quae·

85 3118 152 3180 dam
167 3135 323 3197 superesse
337 3116 523 3190 videbantur,
544 3126 644 3176 tamen
666 3116 903 3188 adnotationem,
926 3133 964 3174 ue
987 3117 1077 3178 fidem
1097 3121 1164 3183 cius

85 3215 304 3289 labefactarem,
316 3214 355 3273 ita
366 3213 530 3274 institui—
539 3212 628 3292 idque
640 3213 782 3293 princeps
788 3211 919 3272 officium
929 3230 1028 3272 meum
1039 3215 1164 3278 duxi-

86 3322 120 3373 ut
135 3310 314 3389 ubicumque
337 3310 373 3370 de
388 3309 491 3370 codice
514 3309 588 3371 nihil
608 3309 817 3381 adnotaverim,
839 3326 907 3368 cum
923 3307 1068 3370 orationis
1083 3315 1164 3377 serie

86 3426 155 3470 cum
175 3406 346 3469 consentire
368 3408 534 3485 putandum
549 3408 595 3469 sit.
626 3408 668 3468 Ac
682 3424 721 3466 ue
744 3404 810 3482 quis
831 3402 1007 3464 testimoniis
1022 3422 1100 3481 quac
1117 3413 1165 3475 di.

86 3516 197 3569 cuntur
212 3523 247 3565 ex
267 3504 384 3566 silentio
399 3500 521 3580 diffidat,
536 3505 645 3565 diserte
662 3510 764 3575 testor,
779 3501 810 3560 in
823 3500 846 3560 Α
859 3519 936 3562 esse:
952 3499 1027 3575 139,
1040 3503 1059 3566 8
1072 3501 1160 3594 παρ’

84 3596 177 3684 ὁμοῖα
198 3636 241 3649 -
264 3600 304 3662 lll
321 3603 370 3677 18,
387 3607 405 3666 5
421 3596 697 3688 προσεποιήσατο
718 3631 760 3643 -
780 3600 831 3671 45,
847 3601 1097 3687 θγεγευήμέυηυ
1119 3641 1165 3653 -

86 3704 138 3773 51,
157 3704 171 3763 1
191 3697 281 3765 δοκεῖ
294 3700 359 3762 siue
375 3710 545 3763 correctura
561 3730 604 3742 -
618 3699 670 3770 64,
685 3699 705 3758 4
720 3692 897 3783 τελευτήσή
913 3730 955 3742 -
970 3695 1006 3756 lV
1023 3699 1075 3773 23,
1094 3707 1114 3766 5
1132 3702 1164 3770 εἰ

86 3786 158 3860 οἵδε
172 3800 207 3861 τί
221 3798 540 3874 (sicl—Vl18,fsq.
557 3790 784 3869 ignat-Vll
799 3794 898 3874 hyp.5
914 3793 1082 3877 τήτοῦ-
1099 3805 1162 3874 4,5

84 3884 146 3981 ὑφ’
164 3887 258 3979 ήμῶν
279 3929 322 3940 -
346 3898 396 3968 31,
413 3896 431 3958 3
446 3897 480 3956 τί
498 3891 677 3975 ττρορώυτι,
700 3910 760 3971 quo
776 3891 842 3953 loeo
864 3890 939 3951 nihil
960 3894 1079 3968 mutavi,
1103 3899 1165 3963 nisi

86 3991 166 4073 quod
181 3991 422 4071 interrogationis
433 3990 552 4070 signum
563 3990 666 4070 puncti
678 3989 744 4051 loco
756 3989 842 4068 posui
853 4022 895 4033 -
908 3986 959 4048 Vll
971 3989 1022 4062 33,
1032 3994 1051 4052 5
1063 3992 1164 4081 παρά

99 4142 243 4208 A·
