2572 4476
132 218 194 278 116
610 216 717 272 ΙΣᾸΙΟΥ
1135 231 1173 274 οι.
1189 231 1209 275 ⁹.

77 397 116 455 84
212 384 372 475 Ἑκατέρηο
396 373 453 454 οόν
475 383 578 474 ἡμῶν,
602 385 638 466 ἐξ
658 381 704 454 ὦν
728 379 967 470 ἇντωμόσαμεν
989 385 1208 472 σκεψάμενοι,

128 494 346 578 ψηφίσασθε.
391 491 507 556 Κλέων
535 489 595 574 μὲν
625 488 688 578 γάρ
718 511 802 578 φησι
823 486 882 555 τόν
904 485 978 554 υλδν
1005 485 1065 554 τόν
1089 487 1210 557 ἑαυτοῦ

133 585 319 680 Ἀστυηνίληι
348 589 607 679 εἰσποιηθῆναι,
640 592 697 656 καὶ
723 581 818 655 ταῦτ’
845 588 968 657 ἐκεῖνον
999 588 1208 657 διαθέσθαι·

130 690 192 779 ἐγώ
222 686 253 758 δ’
281 686 320 760 οό
342 717 445 782 φημι,
476 685 551 758 ἀλλ’
577 689 640 776 ἐμὰ
671 687 757 758 είναι
784 689 896 757 πάντα
923 688 966 757 τὰ
993 683 1209 781 Ἀστυφίλου,

131 786 278 883 ἆδελφὸς
300 783 346 860 αλν
369 793 502 876 ἐκείνου,
526 790 572 872 ὡς
586 796 641 860 καλ
659 785 755 859 αὐτοὶ
771 784 863 858 οὗτοι
885 790 990 860 ἰ’σασι.
1024 791 1069 880 μὴ
1086 799 1210 875 τοίνυν,

130 883 157 962 ὦ
181 892 308 986 ἄνδρες,
332 895 549 985 εἲσποιήσητε
570 894 644 962 οἷόν
660 887 850 983 Ἀστυφίλιμ
875 892 914 960 όν
937 887 1008 961 οὐδ’
1029 888 1130 973 αὐτὸς
1148 895 1211 975 ζῶν

44 1049 49 1055 -
130 1001 254 1078 ἐκεῖνος
280 999 474 1087 ἐποιήσατο,
504 992 588 1065 ἀλλὰ
615 995 694 1074 τοὺς
722 995 844 1081 νόμους
874 994 931 1074 οὓς
957 992 1051 1081 ὑμεῖς
1080 995 1211 1064 ἐ’θεσθε

128 1101 338 1187 βεβαιώσατέ
352 1120 424 1185 μοι·
447 1098 531 1167 κατὰ
545 1098 684 1176 τούτους
704 1096 767 1186 γὰρ
784 1090 996 1187 ἀμφισβητῶ,
1020 1094 1211 1187 όσιωτάτην

131 1201 244 1290 δέησιν
267 1202 431 1287 δεόμενος,
455 1187 481 1266 ὦ
506 1196 632 1288 ἄνδρες,
654 1202 714 1286 τῆς
735 1202 795 1266 τοῦ
817 1193 966 1287 ἀδελφοῦ
988 1193 1107 1278 οόσίας
1132 1203 1212 1290 κλη-

78 1311 116 1369 ⁸5
131 1301 274 1392 ρονόμον
296 1328 337 1388 με
358 1323 575 1390 καταστησαι.
607 1294 816 1423 όιπέδειξριί
798 1313 877 1384 υμῖν
893 1296 939 1379 ιός
960 1295 1101 1369 οόδενλ’
1087 1317 1213 1383 εκεῖνος

131 1403 313 1471 δέδωκε
274 1430 317 1470 τα
340 1403 468 1486 ἑαυτοῦ,
490 1406 546 1470 καλ
552 1402 738 1524 μάρτυρας
753 1397 913 1468 ἁπάντων
928 1396 975 1469 ὦν
990 1400 1087 1471 εἷπον
1103 1430 1213 1493 παρε-

132 1506 266 1596 σχόμην
310 1505 507 1596 βοηθήσατε
529 1491 586 1573 οόν
608 1530 677 1592 μοι,
698 1503 806 1571 καλ’
778 1529 807 1571 ει
834 1502 978 1590 λέγειν
963 1509 1043 1589 εμοῦ
1071 1504 1212 1574 δύναται

132 1611 248 1677 Κλέων
276 1610 413 1695 μᾶλλον,
441 1611 540 1677 τοῦτο
571 1601 661 1694 αότιμ
684 1601 761 1673 όνευ
783 1609 842 1672 τοῦ
865 1605 967 1691 νόμου
988 1609 1045 1673 και
1075 1612 1137 1674 τοῦ
1162 1608 1214 1676 δι-

131 1737 174 1777 κα
176 1718 228 1780 ίον
243 1711 346 1800 μηδὲν
362 1709 538 1794 ίσχυσότω,
563 1703 673 1775 ιἰλλΗ
655 1711 741 1792 υμᾶς
757 1700 876 1786 αὐτοὺς
897 1705 1120 1796 βραβευτὰς(
1101 1710 1214 1778 απάν-

131 1839 198 1879 των
220 1812 458 1900 καταστήσατε.
503 1810 560 1878 διὰ
589 1813 688 1877 τοῦτο
717 1808 785 1928 γὰρ
809 1810 1072 1896 σνλλέγεσθε,“
1057 1836 1112 1876 ινα
1140 1826 1214 1891 τοῖς

132 1917 192 1998 μέν
222 1909 477 1995 ἀναισχυντοῦσι
504 1911 606 1998 μηδὲν
635 1896 785 1976 πλέον
765 1936 803 1996 η,
834 1911 867 1976 οἱ
897 1911 933 1978 δέ
964 1905 1213 2032 ρἰδννατιότεροι

131 2016 282 2098 τολμῶσι
310 2014 391 2098 περὶ
417 2036 483 2076 των
513 2010 604 2076 δικαί
591 2015 651 2076 ωίν
680 2003 913 2099 αμφισβητεῖν,
944 2011 979 2079 εὖ
1009 2009 1181 2136 είδότες”
1160 2041 1213 2082 οτι

81 2125 120 2182 86
134 2109 228 2201 όμείς
250 2107 360 2182 οόδενὶ
384 2106 531 2197 ι’ίλλῳ
495 2135 554 2176 τον
577 2114 654 2178 νοῦν
677 2116 865 2233 προσέχετε.
917 2105 1064 2194 ἅπαντες
1093 2115 1212 2198 οὔκω

135 2213 267 2305 ανδρες,
295 2237 358 2298 μετ
398 2210 477 2297 ἐμοῦ
504 2217 659 2298 γένεσθε·
691 2208 737 2292 ὡς
758 2212 816 2281 ἐόν
844 2241 878 2283 τι
903 2210 984 2284 αλλο
1006 2224 1214 2307 ψηφίσησθε

133 2320 263 2384 Κλέωνι
286 2313 499 2400 πειθόμενοι,
524 2320 701 2402 σκέψασθε
723 2313 861 2384 ὁπόσων
891 2317 996 2387 α’ίτιοι
1017 2319 1212 2406 γενήσεσθε.

134 2418 269 2502 πρῶτον
297 2416 357 2500 μὲν
383 2415 461 2495 τοὺς
489 2415 666 2499 ἐχθίστους
687 2412 889 2507 Ἀστνηνίλον
912 2416 973 2486 ἐπί
1000 2445 1036 2487 τε
1063 2419 1106 2485 τὰ
1129 2421 1213 2510 μνη-

133 2541 224 2602 ματα
247 2515 332 2583 ίέναι
354 2520 410 2583 καί
433 2516 543 2584 ἐπὶ
505 2543 547 2583 τα
571 2520 644 2606 ιερα
632 2517 731 2604 (τὰ)
747 2518 872 2585 ἐκείνου
891 2519 1067 2607 ποιήσετε·
1092 2520 1214 2591 ’έπειτο

133 2641 195 2695 τας
210 2608 446 2703 Εὐθυκράτους
468 2617 677 2737 ἓπισκηψεις,
700 2621 760 2683 τοῦ
774 2616 904 2701 πατρός
922 2643 982 2682 του
969 2614 1213 2737 Ἀστυφίλον,

136 2714 276 2808 ἇκόρους
297 2717 466 2807 ποιήσετε,
490 2717 530 2795 ἃς
552 2711 652 2794 αὐτὸς
673 2716 837 2804 πρότερον
861 2709 1076 2784 απέθανεν”
1055 2746 1075 2804 ν
1098 2749 1214 2813 παρα-

134 2825 250 2911 βῆναι
274 2819 393 2889 ἐ’πειτα
413 2818 666 2905 τετελευτηκότα
681 2811 890 2943 Άστόρνιλον
903 2825 1092 2907 παρανοίας
1116 2827 1215 2914 αιρή-

83 2933 120 2991 87
139 2945 229 2994 σετε·
261 2924 291 2991 εἰ
318 2921 380 3043 μὰρ
401 2924 519 2988 τοῦτον
541 2943 725 3009 εποιησατο
748 2917 821 2986 υιδν
851 2913 890 2986 οὗ
911 2923 959 3007 τῷ
981 2925 1087 3009 πατρὶ
1109 2929 1215 2996 πολε-

136 3027 304 3113 μιώτατος
324 3050 373 3145 ην,
404 3027 478 3099 πῶς
506 3014 544 3089 οό
574 3021 664 3099 δόξει
692 3034 764 3099 τοῖς
793 3013 956 3090 ἇκοόσασι
984 3041 1170 3112 παρανοειν
1193 3056 1213 3116 η

136 3125 203 3194 ὑπὸ
228 3124 413 3213 φαρμάκων
435 3122 669 3212 διεφθάρθαι,·
695 3115 802 3192 ἐ’τιδ’
828 3110 955 3208 ἐμέ,
929 3150 946 3189 ο
979 3119 1096 3214 ανδρες
1118 3128 1214 3196 δικα-

138 3232 224 3307 σταί,
247 3222 480 3312 ἑκτραφέντα’
466 3249 499 3290 εν
521 3228 568 3309 τῷ
591 3217 681 3310 αότηι
702 3227 757 3290 καὶ
780 3226 1076 3309 συμπαιδεοθέντα
1093 3221 1214 3297 Ἀστυ-

138 3278 227 3414 φίληό
249 3328 305 3391 καί
327 3318 474 3413 αδελφδν
497 3319 587 3405 όντα,
610 3324 826 3414 περιόψεσθε
847 3322 914 3393 όπδ
938 3329 1093 3406 Κλέωνος
1122 3323 1214 3399 ἄπο-

138 3430 344 3514 στερηθέντα
365 3429 431 3491 ταῖν
454 3424 588 3493 ἐκείνου.
640 3420 805 3512 ἀντιβολῶ
827 3423 912 3512 ὑμᾶς
934 3431 990 3495 καὶ
1021 3429 1154 3496 ἱκετεύω
1178 3431 1214 3499 ἐκ

222 3692 267 3748 84.
288 3697 300 3745 1
320 3692 350 3754 έξ
368 3677 408 3746 ὧν
427 3701 533 3759 eorm,
553 3689 626 3751 αλ...
645 3713 682 3764 pr.
705 3725 739 3733 —
763 3681 872 3751 5οότοι
889 3697 948 3751 Bbr.
956 3716 962 3747 ι
980 3696 1061 3751 τοῦτο
1079 3726 1112 3737 -
1131 3700 1217 3755 6εἰσ·

138 3773 306 3842 ποιήσησθε
318 3791 367 3830 em.
381 3777 490 3849 Sauppe.
542 3781 588 3837 35
600 3777 738 3834 4κάλλιον
751 3780 879 3834 Schb.-
853 3787 922 3849 5.
935 3775 1096 3835 δαπαντων
1108 3798 1174 3837 corr
1190 3789 1216 3850 1,

138 3854 169 3912 ἆ.
177 3880 205 3914 τ.
212 3877 285 3913 ,των
302 3878 339 3929 pr.
407 3861 453 3918 86.
472 3866 567 3917 3σκέ.
574 3863 647 3918 ασθε
664 3881 710 3932 με,
728 3880 792 3919 corr.
813 3869 878 3916 1—
896 3863 965 3920 δτὰ
982 3866 1039 3920 add.
1058 3865 1217 3935 Sauppe-

84 3928 348 4000 '⁸70'1m'09avw
333 3967 350 4014 η
366 3946 413 4004 Bk
426 3953 564 4017 praeeunte
583 3948 686 4017 Stepha
704 3943 865 4015 ἢᾶπέθανε
910 3949 953 4005 87.
974 3934 1036 4002 lov
1049 3948 1205 4020 Sauppez‘*
1185 3970 1219 4008 οε
