2550 4478
67 137 123 191 με,
304 115 380 170 ΠΕΡΙ
397 115 462 170 ΤΟΥ
478 114 716 172 morsm
734 115 872 172 mor.
1087 115 1126 176 01

66 313 153 378 τυρος
174 285 428 376 έποιησάμεθα·
452 278 547 353 οὗτοι
561 285 608 367 δέ,
631 284 653 352 ἃ
674 286 736 371 μὲν
752 279 865 365 αὐτοῖς
884 289 1049 376 συμφέρει
1062 288 1129 354 τῶν

10 378 19 427 5'
64 387 329 478 ὁμολογηθέντων
350 385 436 468 τότε,
458 384 555 472 κάριά
578 409 684 474 φασιν
700 382 795 469 εῖναι,
820 385 850 453 εί
866 391 923 456 καί
943 387 988 476 μή
1011 393 1129 476 γέγρα-

18 493 21 501 '
65 518 144 574 πται,
167 489 189 558 ἃ
212 483 245 557 δ’
266 483 305 556 οὗ
325 493 498 579 συμφέρει,
522 481 560 555 οὗ
582 488 689 576 κύρια,
713 487 743 555 εἰ
764 487 809 575 μή
832 493 1028 577 γέγραπται.
1065 489 1127 578 έγιδ
1142 496 1181 554 2⁶

13 581 18 602 ι’
66 588 101 678 δ’,
127 581 152 660 ὦ
175 588 310 679 ἀνδρες,
339 583 377 657 οὗ
406 588 572 676 θαυμάζω
598 583 653 658 ὅτι
681 590 813 678 έξαρνοί
841 589 907 657 εἰσι
933 589 976 656 τὰ
998 587 1129 675 ὡμολο-

64 700 188 786 γημένα·
212 687 291 761 οὐδὲ
312 690 376 780 γὰρ
393 690 436 758 τὰ
456 695 627 780 γραφέντα
650 690 807 759 ἐθέλουσι
824 705 947 759 ποιεῖν.
975 687 1072 779 ήμεῖς
1094 687 1126 758 δ’

14 861 16 867 ,
65 793 99 876 ἀς
122 798 260 883 λέγομεν
290 787 405 883 ἀληθῆ
412 847 421 876 ,
448 796 504 861 καὶ
534 788 616 861 άλλο
638 818 672 860 τι
697 794 872 883 τεκμήριον
898 787 1130 882 παρεξόμεθα.

63 897 272 988 Πρωταρχίδη
311 893 375 983 γάρ
409 899 457 982 τῷ
485 901 651 982 Ποταμίῳ
688 894 790 963 ἐ’δωκε
817 901 1037 986 Δικαιογένης
1070 895 1130 984 τήν

64 994 196 1090 ἀδελφήν
216 996 279 1087 τήν
301 997 422 1065 ἑαυτοῦ
443 996 502 1065 ἐπὶ
519 996 762 1084 τετταράκοντα
783 1012 892 1083 μναῖς,
916 992 991 1066 ἀντὶ
1014 998 1050 1064 δὲ
1071 1002 1131 1087 τής

10 1114 16 1123 ”
63 1099 188 1191 προικὸς
220 1099 282 1188 τήν
311 1097 420 1166 οἰκίαν
449 1092 539 1185 αάτηῖ
569 1097 629 1186 τήν
656 1097 691 1165 έν
719 1103 916 1187 Κεραμεικῷ
944 1099 1129 1190 παρέδωκε.

61 1203 147 1292 ταάιη
178 1202 215 1269 δέ
242 1205 286 1288 τῇ
313 1207 458 1288 γυναικί,
485 1199 527 1289 ἣν
554 1197 572 1267 ὁ
596 1201 838 1290 Πρωταρχίδης
860 1201 939 1284 ίχει,
967 1202 1130 1291 προσήκει

10 1302 20 1376 ἦ
63 1309 109 1372 τοῦ
133 1303 255 1393 κλήρου
285 1308 386 1391 μέρος
414 1295 495 1370 ὅσον
524 1328 589 1392 περ
617 1307 660 1391 τῇ
681 1307 781 1392 μητρὶ
802 1307 843 1391 τῇ
873 1302 945 1391 έμῇ.
997 1303 1071 1371 ἐπεὶ
1095 1297 1126 1370 δ’
1147 1310 1182 1367 Ξῖ

10 1392 21 1479 ’ἶ
65 1393 109 1474 τάν
135 1400 267 1495 ἀπέστη
290 1410 511 1493 Δικαιογένης
538 1419 615 1482 ταῖς
641 1404 771 1491 γυναιξὶ
798 1418 872 1472 τοῖν
902 1404 994 1471 δυοῖν
1015 1417 1131 1490 μεροῖν

63 1511 109 1577 τοῦ
127 1507 260 1596 κλήρου,
289 1500 385 1595 ἠξίου
413 1502 431 1573 δ
454 1505 642 1593 Λεωχάρης
668 1505 727 1572 τὸν
749 1505 991 1593 Πρωταρχίδηυ
1018 1528 1131 1588 παρα-

10 1626 23 1706 Q·
63 1609 181 1678 διδόναι
203 1603 297 1695 αὕτη]
317 1606 378 1695 τήν
400 1613 571 1676 συνοικίαν
585 1605 626 1694 ήυ
641 1603 725 1689 εἶχεν
740 1599 815 1674 ἀντὶ
837 1609 895 1694 τής
912 1605 1061 1694 προικός,
1085 1601 1131 1685 ὥς

10 1697 23 1744 λ’
63 1707 123 1781 ὄντι
149 1711 291 1800 έγγυητῇ
320 1703 424 1796 αὐτῷ,
453 1707 491 1777 τδ
517 1709 552 1776 δὲ
573 1712 675 1798 μέρος
696 1705 782 1796 ὑπὲρ
808 1711 869 1797 τῆς
895 1706 1050 1795 γυναικὸς
1070 1711 1131 1776 τοῦ

63 1812 165 1902 κλήρου
187 1806 278 1897 παρ’
297 1805 400 1878 αὗτοῦ
413 1810 624 1895 κομίζεσθαι.
660 1808 870 1900 παραλαβών
893 1811 929 1878 δὲ
942 1809 1003 1900 τήν
1019 1833 1131 1879 συνοι-

16 1921 27 1990 st
65 1921 124 1982 κίον
144 1914 181 1984 τὸ
210 1920 315 2003 μέρος
344 1908 382 1981 οὗ
405 1913 597 1998 παρέδωκα
638 1916 694 1982 καὶ
724 1913 851 1981 τούτων
879 1910 958 1998 ὑμῖν
979 1912 1131 2001 μάρτυρα

14 2091 20 2099 .
65 2014 110 2084 τδυ
128 2016 373 2105 Πρωταρχίδην
395 2015 596 2104 παρέξομαι.

22 2105 33 2138 '¹
478 2136 695 2190 Μκετκετκ.

19 2214 35 2290 ¹¹.
133 2222 222 2308 Περὶ
245 2219 283 2285 δὲ
305 2216 482 2307 ἐπισκευῆς
504 2223 564 2286 τοῦ
584 2220 765 2304 βαλανείου
780 2220 837 2284 καὶ
859 2216 1054 2301 οἰκοδομίας
1075 2217 1182 2283 nam

10 2306 34 2392 ἶ,
69 2321 215 2410 πρότερον
238 2320 350 2408 ε’ίρηκε
370 2325 589 2410 Δικαιογένης
611 2323 666 2388 καὶ
689 2323 745 2386 νῦν
767 2318 851 2398 ’ίσως
873 2317 956 2407 έρεῖ,
980 2313 1026 2396 ὥς
1049 2313 1131 2402 δμο-

71 2421 253 2511 ίογήσαντες
281 2415 373 2507 αὕτη]
401 2415 595 2490 ἀποδώσειν
617 2421 659 2489 τά
686 2415 881 2511 ἀνηλωμένα
910 2415 968 2489 οάκ
997 2414 1132 2487 ἀπεδά-

28 2508 35 2522 Λ
71 2547 161 2609 καμεν,
190 2527 249 2592 καί
278 2515 333 2590 ὅτι
361 2522 418 2591 διὰ
447 2527 546 2591 τοῦτο
577 2516 615 2591 οὗ
639 2523 778 2592 δύναται
806 2517 1033 2591 ἀπαλλάττειν
1054 2521 1133 2601 τούς

29 2638 33 2650 “
69 2625 208 2714 χρήστας,
239 2618 317 2693 οάδέ
344 2620 424 2712 ήμῖν
453 2626 665 2713 παραδοῦναι
688 2624 710 2692 ἀ
734 2625 786 2693 δεῖ
807 2619 917 2692 αὐτόν.
966 2621 1063 2713 ήμεῖς
1086 2624 1131 2706 δέ,
1147 2634 1185 2690 20

10 2795 29 2812 ..
71 2711 236 2817 άάνδρες,
268 2724 327 2793 ἐπὶ
349 2730 408 2793 τοῦ
437 2727 666 2816 δικαστηρίου,
697 2719 753 2794 ὅτε
781 2719 1006 2814 ήναγκάζομεν
1033 2719 1134 2792 αὐτὸν

10 2824 14 2843 ’
72 2818 271 2915 ἀφίστασθαι
293 2828 430 2911 τούτων,
454 2822 528 2897 ἀντί
550 2832 617 2896 τῶν
632 2830 844 2914 λειτουργιῶν
858 2827 913 2892 καὶ
936 2828 1003 2891 τῶν
1021 2823 1070 2900 εἰς
1092 2822 1134 2889 τά

73 2927 308 3021 οἰκοδομήματα
337 2924 572 3019 ἀνηλωμένων·
587 2923 729 3017 ἀφεῖμεν
759 2920 850 3014 αὐτῷ
870 2925 949 3004 τοὺς
975 2924 1134 3011 καρπούς,

73 3021 142 3098 οάτω
162 3038 232 3102 τῶν
256 3033 421 3100 δικαστῶν
442 3026 705 3119 γιγνωσκόντων·
732 3022 870 3116 ὕστερον
894 3021 926 3094 δ’
953 3021 1011 3094 οὐκ
1034 3019 1135 3113 ἀναγ-

72 3129 231 3218 καζόμενοι
258 3126 333 3199 ἀλλ’
360 3132 489 3210 ἑκόντες
511 3133 629 3218 έδομεν
652 3125 744 3219 αὐτῷ
767 3130 827 3219 τήν
850 3128 884 3197 έν
907 3124 1003 3198 ἀστει
1027 3129 1136 3198 οἰκίαν

73 3225 285 3321 ἐξαιρεθέντες
306 3233 394 3320 πρὸς
415 3240 464 3322 τῷ
485 3241 588 3323 τρίτῳ
610 3239 705 3322 μέρει
725 3236 786 3300 τοῦ
808 3231 927 3320 κλήρου
955 3232 1039 3317 ἔχειν
1062 3226 1136 3300 ἀντὶ

141 3437 186 3494 26.
203 3442 220 3491 4
240 3437 381 3511 ίίάγομενε
400 3455 448 3492 em.
466 3439 528 3491 Rsk.
548 3467 581 3478 -
598 3440 615 3491 6
633 3436 745 3491 εαυτοῦι
763 3437 854 3490 vitium
872 3437 986 3490 nondum
1008 3435 1137 3487 sublatum
1188 3501 1190 3504 y

75 3542 100 3556 -
115 3523 127 3571 ῖ
144 3519 228 3576 αι’τῶ.
246 3539 284 3590 pr.
371 3523 414 3578 22.
433 3527 448 3577 2
467 3526 532 3576 ταῖν
554 3519 632 3575 δυοῖν
648 3539 686 3590 pr.
704 3551 738 3568 -
762 3524 777 3574 9
796 3522 837 3574 tit.
854 3516 1001 3592 μάρτυρεει
1024 3523 1087 3572 mut.
1105 3518 1138 3571 δε

75 3612 127 3669 meo,
141 3608 219 3675 vulgo
238 3611 405 3663 ΜΑΡΤῬΣ.
473 3607 519 3664 28.
539 3611 551 3660 1
572 3613 632 3660 ante
649 3610 696 3658 καὶ
714 3622 761 3677 πρ.
778 3609 830 3659 tres
842 3606 893 3660 litt.
906 3622 970 3658 eras.
987 3634 1022 3644 -
1039 3606 1054 3658 3
1072 3599 1137 3656 ἄνα-

77 3677 181 3752 λνμέναι
199 3707 248 3745 em
266 3693 345 3758 Htw„
362 3693 431 3745 idem
448 3707 523 3759 ηηεο
536 3711 555 3743 α
566 3695 634 3756 29‚4
651 3721 686 3731 —
703 3695 726 3745 3.
744 3695 761 3744 4
779 3685 918 3756 ἀπέδομεν
934 3690 1012 3755 Ηεεε,
1029 3689 1059 3742 ft.
1071 3687 1139 3741 ἄπο-

78 3759 218 3844 ίᾶδυίκαμεν
236 3806 270 3816 -
287 3782 304 3831 4
321 3772 500 3831 άπαίάσσειν.
552 3776 597 3831 29.
616 3781 631 3831 5
649 3769 847 3848 γιγνωσκάτων
864 3804 898 3813 -
917 3778 931 3826 ῖ
945 3773 1085 3845 ἐξαίρετον
1096 3774 1140 3826 vel

79 3849 253 3928 ἐξαιρεθεῖσαν
270 3863 369 3916 θέντεε
386 3861 457 3928 Rsk„
475 3862 504 3915 ft.
523 3860 662 3931 ἐξαίρετον
679 3857 852 3933 προσθέντες
868 3857 911 3924 τῷ
