2572 4476
110 234 152 296 28
595 239 703 292 ΙΣλΙΟΥ
1123 255 1157 299 or.
1169 257 1187 297 3.

76 419 96 476 8
111 406 338 494 γραψάμενος.
383 401 658 497 άμφισβητούσης
681 408 716 475 δέ
734 411 792 497 της
806 407 930 496 μητρὸς
943 411 1002 496 τῆς
1015 404 1189 497 ἡμετέρας,

41 571 52 586 „
111 501 260 596 ἀδελφῆς
283 509 318 576 δέ
340 513 400 577 τοῦ
422 509 568 600 Πύρρου,
591 506 608 577 3
632 509 744 599 κύριος
765 514 824 598 τῆς
846 509 1012 598 είληχυίας
1033 514 1094 576 τοῦ
1112 510 1190 597 κλή-

110 635 169 697 ρου
191 609 347 697 γυναικός
366 610 528 700 ἐτόλμησε
544 611 866 701 διαμαρτυρῆσαι
824 639 869 699 μη
886 611 946 679 έιιί
933 613 1093 679 ίδικον
1053 637 1092 699 τῃ
1109 608 1190 699 ἡμε·

109 717 190 800 τέρᾳ
204 715 305 802 μητρὶ
321 711 380 780 τδν
395 739 453 782 του
440 707 618 813 άδελφού
632 715 751 837 κληρον
768 710 905 796 είναιᾙ
880 739 926 792 ως
938 709 1039 802 ούσης
1052 721 1192 802 γνησίας

112 812 282 902 θυγατρὸς
296 814 430 942 Πύρρῳ,
447 809 486 882 03
501 813 540 903 ἠν
556 808 623 895 ἐξ
606 819 737 904 αρχῆςο
727 811 882 905 εκλῆρος.
920 814 1193 904 έττισκηψάμενοι

113 911 189 981 33‘
171 930 282 1003 ημεῑς,
311 919 367 983 καὶ
398 917 446 995 εἷς
474 913 561 1001 ύμάς
584 916 876 1006 εἰσαγαγόντες
841 944 900 985 τον
923 918 1193 1005 διαμαρτυρῆσαι

79 1017 326 1104 4τολμήσαντα
355 1015 460 1106 [κατὰ]
489 1045 611 1100 ταυτα,
642 1018 766 1087 ἐκεῖνόν
787 1043 823 1085 τε
846 1017 1071 1106 ἐξελέγξαντες
1093 1044 1193 1108 περι-

112 1121 228 1207 φανῶς
250 1115 292 1183 τά
315 1119 425 1208 ψευδῆ
438 1121 713 1210 μεμαρτυρηκότα
733 1120 793 1208 τὴν
810 1124 877 1187 τῶν
892 1121 1193 1210 ψευδομαρτυριῶν

113 1219 206 1306 δίκην
232 1219 363 1304 εἵλομεν
391 1214 472 1310 παρ’
504 1218 599 1306 ύμῖν,
628 1224 684 1289 καὶ
710 1225 843 1291 τουτονὶ
864 1222 1056 1311 Νικόδημον
1078 1247 1193 1310 παρα-

109 1324 221 1406 χρῆμα
250 1318 465 1409 ἐξηλέγξαμεν
488 1321 522 1390 ἐν
544 1338 616 1402 τοῖς
639 1318 752 1402 αδτοῖς
778 1326 951 1403 δικασταῖς
974 1318 1193 1408 ἀναισχυντό-

113 1448 214 1489 τατον
228 1447 268 1510 τη
255 1420 492 1513 μαρτυρία”
472 1451 553 1493 οντα
567 1426 681 1514 ταύτη,
704 1418 742 1505 39
756 1451 792 1513 γε
807 1425 968 1514 ἐτόλμησε
981 1429 1193 1513 μαρτυρῆσαι

113 1522 269 1613 ἐγγυῆσαι
290 1528 338 1612 τῴ
360 1530 448 1614 θείῳ
470 1530 519 1615 τοῦ
539 1523 689 1617 ἡμετέρῳ
664 1527 777 1618 ητὴν
807 1522 969 1648 ἀδελφὴν
983 1526 1043 1615 τὴν
1073 1526 1193 1594 {moi

79 1641 252 1714 υγυναῖκα
275 1623 360 1695 εἶναι
382 1626 467 1697 κατά
490 1628 567 1709 τούς
590 1629 720 1717 νόμους.
764 1622 818 1698 ότι
844 1631 905 1716 μὲν
933 1615 990 1697 σύν
1016 1631 1072 1695 καὶ
1095 1627 1127 1695 ἓν
1149 1654 1189 1751 τη

114 1735 263 1819 προτέρη
286 1728 402 1819 δίκη(
382 1759 402 1819 η
426 1731 544 1800 τούτου
567 1739 733 1822 μαρτυρία
755 1730 897 1820 ψευδὴς
905 1727 1069 1811 ἔδοξεν
1039 1739 1140 1812 εί,ναι
1172 1727 1189 1797 3

113 1827 196 1900 τόθ’
227 1831 382 1951 3333339
409 1833 536 1919 μάρτυς
564 1839 761 1922 σαφέστατα
789 1836 907 1901 τοῦτον
940 1832 1108 1919 ἐξελέγχει.
1162 1832 1192 1900 εί

112 1931 175 2050 γάρ
195 1931 242 2056 μὴ
268 1927 439 1998 ἐδόκει
400 1958 496 2012 ουτος
524 1933 566 2000 τά
596 1934 705 2021 ψευδῆ
732 1933 809 2001 τότε
835 1938 1059 2023 μαρτυρῆσαι,
1091 1935 1193 2022 δῆλον

114 2026 168 2101 ότι
191 2029 314 2111 ἐκεῖνός
342 2027 374 2098 τ’
408 2023 447 2101 άν
476 2027 662 2123 άτιοφυγιδν
689 2033 750 2123 τὴν
779 2035 1020 2125 διαμαρτυρίαν
1043 2029 1192 2124 άντῆλδε

114 2136 170 2202 καὶ
191 2124 438 2221 κληρονόμος”
417 2162 457 2202 αν
479 2138 545 2202 τῶν
562 2162 622 2204 του
608 2139 697 2204 oet
684 2142 735 2204 ίου
727 2163 774 2261 η
760 2131 1100 2226 (διαμαρτυρηθεῑσα
1114 2163 1193 2226 γνη·

116 2243 173 2324 σία
194 2233 346 2326 θυγάτηρ
370 2233 465 2319 εἶναι,
490 2229 563 2304 ἄλλ’
591 2231 649 2305 ούκ
664 2227 704 2306 άν
718 2265 739 2327 η
727 2234 899 2329 “ἦμετέρα
916 2244 1056 2327 κατέστη
1071 2238 1192 2358 μήτηρ.

80 2316 255 2413 σάλόντος
278 2337 313 2404 δδ
335 2342 395 2406 τοῦ
415 2337 598 2428 μάρτυρος.
604 2343 661 2410 καὶ
683 2334 879 2432 ἀποστάσης
906 2367 965 2409 του
952 2341 1107 2430 κλίρου
1133 2346 1194 2430 τῆς

115 2432 389 2561 άμηισβητούσης
416 2447 554 2561 γνησίας
580 2440 751 2529 δυγατρδς
780 2443 904 2531 Πύρρῳ
933 2439 1034 2522 εἶναι,
1064 2442 1192 2570 μεγάλη

71 2543 75 2552 ’
116 2535 237 2661 άνάγκη
261 2531 331 2657 ἅμα
352 2543 406 2608 καὶ
436 2540 495 2628 τὴν
523 2541 643 2609 τούτου
670 2549 856 2631 μαρτυρίαν
884 2542 1080 2609 ἑαλωκέναι·
1108 2547 1190 2627 περὶ

113 2641 176 2730 γάρ
199 2633 301 2709 αύτοδ
315 2641 434 2711 τούτου
450 2640 771 2732 διαμαρτυρήσας
735 2669 795 2731 την
809 2647 876 2709 τιῦν
890 2642 1191 2728 ψευδομαρτυριῶν

116 2735 245 2835 δίκην’
228 2768 317 2832 ηγων
319 2742 415 2826 ί,ζετο
437 2743 581 2834 πότερον
605 2742 675 2824 ἐξ’
661 2746 816 2833 εγγυητῆς
837 2768 857 2830 η
842 2731 917 2820 ἐξ
938 2736 1143 2830 33333393’
1124 2770 1191 2827 αμ-

115 2849 325 2970 φισβητούσα
345 2851 404 2916 τοῦ
426 2845 546 2974 κληρου
567 2849 616 2935 τῷ
637 2852 725 2933 θείῳ
747 2842 916 2930 γυναικός
923 2843 989 2935 ε’ίη
1015 2842 1192 2930 γνώσεσθε

113 2943 160 3034 (3
165 2943 220 3034 )’
202 2948 402 3030 ακούσαντες
423 2952 480 3018 καὶ
494 2945 587 3035 ὑμεῖς
601 2953 660 3038 τῆς
674 2972 710 3032 τε
726 2939 937 3032 ἀντωμοσίας
954 2949 1013 3034 τῆς
1026 2942 1191 3036 ἡμετέρας

113 3054 169 3118 καὶ
191 3055 250 3139 τῆς
271 3052 389 3119 τούτου
411 3058 595 3141 μαρτυρίας
616 3051 752 3136 καὶτῆς
775 3043 920 3138 άλοόσης
938 3049 1189 3138 διαμαρτυρίας.

80 3145 354 3239 ῚἍναγίγνωσκε
376 3152 488 3236 λαβὼν
508 3153 608 3219 τασδὶ
631 3145 753 3228 αύτοῖς.

250 3272 494 3328 ΑΝΤΩΜΟΣῙΑ.
528 3272 744 3326 ΜΑΡΊὝΡΙΑ.
780 3270 1057 3327 AIAMAPTYPIA.

194 3349 249 3434 Ὡς
270 3355 331 3439 μὲν
354 3353 446 3434 έδοξε
468 3357 670 3444 παραχρῆμα
693 3347 795 3433 εύθδς
816 3352 894 3422 τότε
915 3352 957 3421 τά
981 3352 1089 3439 ψευδῆ
1102 3377 1190 3449 μαρ-

173 3604 176 3609 .
200 3555 226 3612 3.
244 3562 259 3610 5
278 3553 503 3625 ίπισκαγάμενοιε
516 3573 566 3614 em.
577 3557 681 3626 Tnylor.
750 3557 776 3613 4.
792 3562 803 3613 1
822 3555 892 3612 κατὰ
904 3558 954 3611 del.
967 3556 1028 3610 Rsk.
1045 3584 1079 3594 -
1096 3557 1191 3624 λιγιυ·

115 3637 309 3713 δομαρτύρονε
327 3654 375 3693 em.
388 3640 451 3694 Rsk.
508 3641 534 3696 5.
553 3645 567 3695 7
586 3640 675 3714 μήτηρ
687 3658 737 3696 om.
750 3659 798 3711 pr„
814 3659 878 3697 corr.
893 3647 915 3696 1.
984 3640 1010 3695 6.
1033 3642 1042 3692 l
1062 3634 1189 3690 ἁλάντοει

115 3745 132 3775 α
151 3730 268 3779 econ-‚l
288 3717 480 3797 -4ὁδιαμ
493 3725 555 3782 Rsk.
574 3755 608 3766 —
626 3731 641 3782 5
659 3722 796 3799 πότερον
812 3744 859 3796 pr„
877 3727 1035 3793 ἰίεαιῆὓώ
1054 3751 1087 3760 -
1106 3719 1135 3782 ἐξ
1147 3739 1193 3791 ⁸7·

112 3808 208 3874 κυητῆε
225 3824 271 3877 pn,
290 3822 353 3861 corr.
371 3810 394 3871 1,
412 3811 473 3876 spir.
486 3811 544 3868 εδδ.
560 3815 576 3866 2
593 3842 627 3852 —
646 3819 660 3868 ’ί
678 3807 706 3866 δ’
725 3812 784 3867 εδδ.
802 3813 860 3866 Αίδ.
945 3810 970 3864 1.
990 3810 1001 3860 1
1022 3801 1124 3859 αὗτα.”ε
1141 3822 1193 3873 pr.y

112 3909 175 3948 corr.
195 3895 207 3946 1
228 3923 261 3934 ·-
279 3894 295 3944 2
313 3889 363 3942 titt
382 3897 523 3962 marginem
541 3904 663 3965 superant
681 3926 714 3938 -
731 3901 749 3953 ³
767 3895 944 3966 παραχρῆμα.
963 3909 1000 3960 pr·
1023 3920 1056 3930 -
1074 3885 1193 3961 δἀμαρ·

109 3977 235 4047 τυρῆσαιε
253 3991 301 4031 em.
322 3971 384 4026 Rsk.
