2550 4478
65 251 136 304 μει
385 233 834 289 οεωτουωωοικεοεου.
1095 231 1157 292 1³9

63 403 240 489 μάρτυρές
263 400 337 468 ἐστε
358 402 483 481 πάντες
506 395 560 471 ότι
583 404 616 469 οἱ
637 407 696 490 τής
719 402 799 490 ἐμῆς
826 402 981 489 γυναικὸς
1004 396 1157 492 ἀδελφοί,

62 505 271 590 Χαιρέλεως
292 508 348 570 καί
364 503 601 590 Μακάρτατος,
625 498 662 571 ού
685 509 751 571 τῶν
775 505 1050 592 λειτουργούντων
1072 492 1158 593 ἦσαν

63 602 154 673 άλλὰ
180 610 251 673 τῶν
272 612 431 694 βραχεῖαν
453 611 658 696 κεκτημένων
681 600 809 675 ούσίαν.
843 607 1072 692 Μακάρτατον
1094 608 1157 696 γάρ

62 709 140 774 ἐστε
165 701 224 775 ότι
246 706 285 775 τό
306 714 430 795 χωρίον
454 700 665 791 ἀποδόμενος
681 711 737 775 καὶ
755 707 871 797 τριήρη
895 707 1079 795 πριάμενος
1101 711 1158 775 καὶ

61 810 198 899 ταύτην
222 809 487 898 πληρωσάμενος
510 809 559 888 εἰς
581 809 714 899 Κρήτην
737 809 948 888 ἐξέπλευσεν·
972 803 1009 877 ού
1031 807 1095 897 γάρ
1117 809 1156 876 τό

60 912 163 999 ἐργον
190 905 321 999 άφανές
343 910 480 998 ἐγένετο,
512 904 597 978 άλλά
619 915 675 978 καὶ
700 911 797 998 λόγον
820 910 854 978 ἐν
875 915 923 998 τῴ
950 910 1044 1000 δήμῳ
1067 935 1158 998 παρ-

59 1023 150 1099 έσχε,
175 1013 224 1102 μή
249 1013 399 1098 πόλεμον
421 1010 500 1103 ήμῑν
525 1008 599 1080 ἀντ’
626 1014 756 1104 εἰρήνης
780 1013 904 1093 ἐκεῖνος
932 1012 1019 1102 πρὸς
1040 1021 1157 1081 Λακε-

58 1120 270 1200 δαιμονίους
292 1115 456 1203 ποιήσειε.
501 1118 697 1204 Χαιρέλεως
726 1117 762 1183 δέ
782 1115 820 1183 τὸ
845 1118 1072 1205 Προσπαλτοῖ
1089 1143 1156 1200 χω·
1170 1130 1208 1187 49

57 1226 136 1307 ρίον
167 1219 362 1300 κατέλιπεν,
392 1217 410 1284 δ
442 1219 546 1284 πλέον
574 1212 633 1285 οέκ
664 1209 705 1285 άν
735 1211 825 1309 εύροι
853 1219 1032 1308 τριάκοντα
1053 1223 1156 1304 μναῖν.

58 1326 192 1409 συνέβη
223 1320 260 1387 δὲ
288 1319 347 1387 τόν
375 1321 436 1405 μὲν
464 1324 570 1387 ταῦτα
592 1322 822 1389 καταλιπόντα
850 1324 1047 1410 τελευτῆσαι
1070 1321 1156 1410 πρό-

58 1450 162 1512 τερον
189 1413 210 1510 ἢ
229 1421 468 1511 Μακάρτατον,
492 1422 616 1491 ἐκεῖνον
640 1424 675 1490 δέ
696 1423 781 1508 μετὰ
804 1418 925 1513 ταύτης
947 1429 1006 1511 τής
1029 1417 1155 1505 ούσίας,

58 1525 96 1615 ἢν
114 1526 208 1608 ἐχων
232 1522 446 1603 ἐξέπλευσεν·
471 1517 605 1591 άπαντα
627 1523 690 1610 γάρ
704 1527 760 1590 καὶ
775 1523 835 1611 τήν
851 1524 967 1613 τριήρη
982 1526 1038 1590 καὶ
1054 1520 1156 1590 αὑτὸν

58 1627 148 1696 κατὰ
166 1625 230 1694 τόν
245 1626 395 1711 πόλεμον
411 1620 578 1693 ἀπώλεσε.
611 1628 898 1715 καταλειφθέντος
914 1625 950 1691 δὲ
964 1628 1025 1692 τοῦ
1039 1631 1155 1713 Προσ-

58 1733 200 1797 παλτοῖ
216 1735 343 1816 χωρίου
366 1732 420 1796 καὶ
443 1734 636 1816 γιγνομένου
655 1733 715 1817 τής
737 1727 869 1796 ἐκείνων
893 1720 1050 1815 άδελφής,
1075 1725 1155 1815 ἐμής

61 1834 98 1900 δέ
122 1830 295 1920 γυναικός,
318 1830 485 1920 ἐπείσθην
500 1824 562 1897 ἐπ’
581 1829 705 1920 ἐκείνης
723 1830 920 1918 εἰσποιήσαι
935 1829 1154 1918 Μακαρτάτῳ

61 1934 123 2002 τὸν
154 1934 271 2019 ἕτερον
298 1936 365 1998 τῶν
394 1932 545 2000 παίδων·
580 1927 651 2015 οὐχ’
670 1934 725 2000 ἵνα
756 1931 831 2022 (μή)
861 1934 1095 2022 λειτουργοίην,
1125 1933 1155 2000 εἰ

62 2034 292 2163 προσγέγοιτό
315 2061 374 2119 μοι
402 2038 501 2102 τούτο
529 2034 567 2102 τό
589 2041 722 2119 χωρίον.
773 2031 853 2120 ύμοί
855 2061 900 2114 ως
920 2033 982 2123 γάρ
1004 2038 1060 2102 καὶ
1082 2034 1152 2124 [μή]
1168 2048 1207 2106 5⁰

65 2136 352 2261 εἷσποιήσαντος
360 2135 459 2203 τοῦτό
489 2161 509 2222 γ
551 2133 693 2224 ύπήρχε·
728 2129 805 2204 οέδὲ
834 2137 897 2223 γάρ
928 2135 1155 2255 ἐλειτούργουν

68 2239 124 2306 διὰ
147 2237 250 2306 τοῦτό
273 2263 294 2324 γ
331 2232 430 2325 ήττον
454 2231 559 2359 οήδέν,
584 2231 670 2304 άλλά
692 2240 748 2304 καὶ
770 2264 838 2304 των
868 2224 1134 2358 εἰσφερόντωη
1114 2263 1154 2324 ην

68 2343 208 2407 καὶτῶν
229 2337 272 2405 τὰ
295 2339 573 2427 προσταττόμενα
588 2335 665 2423 ύμῖν
681 2331 816 2405 άπαντα
839 2337 1037 2406 ποιούντων.
1075 2364 1092 2405 ο
1082 2332 1154 2404 εδέ

71 2439 115 2521 ὡς
137 2435 261 2527 περὶ’
243 2441 407 2530 αχρήστου
431 2442 491 2525 μὲν
514 2444 679 2509 πλουσίου
703 2441 739 2507 δέ
761 2440 819 2507 ἐπὶ
843 2441 984 2529 διαβολῇ
1002 2453 1154 2509 ποιεῖται

72 2545 208 2620 τούτους
229 2541 307 2621 τούς
338 2543 463 2630 λόγους.
509 2540 571 2630 ἐγώ
602 2536 633 2608 δ’
660 2545 694 2609 ἐν
716 2542 900 2635 κεφάλαιον
928 2541 993 2631 ἐρα]
1015 2538 1153 2609 πάντων

77 2651 237 2732 μέγιστον,
261 2644 280 2711 δ
303 2647 359 2711 καὶ
374 2641 452 2728 ύμῖν
468 2637 534 2711 οἶδ’
554 2637 607 2712 ότι
629 2644 719 2723 δόξει
736 2646 874 2713 δίκαιον.
918 2642 1153 2712 κοινώσασθαι

77 2745 131 2833 γάρ
153 2746 265 2813 ἐθέλω
287 2745 347 2833 τήν
370 2740 488 2812 ούσίαν
510 2744 570 2832 τήν
593 2744 674 2833 ἐμήν
695 2750 737 2834 τῇ
759 2750 819 2813 τοῦ
842 2745 975 2826 παιδός,
1005 2748 1061 2812 καί
1084 2745 1153 2811 ε’ίτε

81 2847 182 2914 πολλά
207 2841 270 2914 εἴτ’
297 2841 395 2934 όλίγα
418 2846 517 2927 ἐστίν,
549 2845 583 2912 ἐν
604 2850 707 2932 κοινῷ
734 2852 910 2934 γενομένης
933 2845 1087 2930 λάβωμεν
1108 2844 1151 2911 τά

81 2943 193 3033 ήμίσεα
216 2947 379 3035 ἑκάτερος,
402 2950 459 3016 ἵνα
480 2949 584 3037 μηδὲν
606 2949 710 3014 πλέον
733 2947 787 3035 ἐχη
817 2939 935 3034 άτερος
956 2947 1016 3012 τού
1038 2944 1151 3039 ἐτέρου

83 3055 131 3117 τοῦ
152 3049 398 3138 προσήκοντος·
423 3045 498 3117 ἄλλ’
525 3044 582 3116 οὐκ
605 3047 771 3135 ἐθελήσει.

544 3154 675 3207 ΔΕΙΠΕΙ.

153 3373 200 3428 48.
220 3375 234 3425 3
253 3367 390 3440 μακάριε
407 3388 454 3439 pr„
474 3388 537 3425 corr.
559 3378 570 3425 1
591 3401 623 3411 —
642 3375 657 3425 5
676 3364 719 3424 ότι
737 3387 803 3424 corr.
820 3373 844 3435 2,
862 3373 904 3423 ἔτι
921 3386 959 3438 pr.
1010 3369 1056 3426 49.
1074 3373 1091 3424 2
1109 3367 1152 3423 τό·

83 3469 148 3518 ρητιι
165 3473 216 3510 em.
234 3456 296 3509 Rsk.
314 3486 348 3495 -
367 3460 382 3510 3
400 3458 451 3523 μέν
469 3457 495 3508 in
514 3473 563 3509 ras.
581 3457 639 3510 add.
655 3461 666 3510 1
686 3485 720 3496 -
738 3461 755 3510 4
771 3451 835 3522 μετ’
850 3449 931 3522 αύτήσ
948 3455 1012 3510 Rsk.
1030 3482 1063 3493 ·-
1081 3457 1097 3507 9
1113 3453 1152 3522 μὴ

82 3538 128 3594 add.
145 3542 195 3599 Bk.
214 3572 245 3580 —
265 3543 288 3593 εἰ
306 3541 369 3594 λ1δ;
387 3541 429 3593 εἰσ
497 3540 542 3597 50.
562 3546 575 3594 1
594 3540 632 3610 μὴ
649 3540 699 3594 del.
713 3539 831 3593 Schoem.
849 3569 884 3580 ·-
902 3543 917 3593 2
935 3534 1011 3592 ούδέι
1029 3537 1059 3591 ft.
1071 3536 1102 3590 οὔ
1118 3568 1151 3579 -

81 3622 95 3672 4
108 3618 169 3693 ἡμῖν
181 3644 228 3696 pr„
241 3641 305 3679 corr.
321 3629 336 3678 2
354 3654 388 3663 -
406 3631 421 3679 5
435 3618 529 3696 ὥσπερ
541 3621 688 3697 άχρήστουε
706 3640 755 3678 em.
768 3624 830 3678 Rsk.
848 3653 882 3664 -
901 3627 915 3676 8
928 3628 974 3675 καί
986 3623 1050 3676 inv.
1063 3623 1120 3677 add.
1136 3629 1148 3677 1

81 3730 108 3747 “
125 3716 154 3768 10
173 3709 281 3782 ,άτιροε
298 3727 345 3778 pr„
363 3727 427 3764 corr.
448 3715 460 3764 1
481 3741 513 3751 —
534 3716 565 3765 12
583 3713 722 3763 ΛΕΙΠΕΙ
737 3707 971 3775 εδδ.λ1δ.(Τωι.
990 3708 1050 3760 coll.
1069 3710 1150 3775 544).

508 3902 712 3910 -η--μ-
