2550 4478
67 265 118 317 ,α
318 240 885 300 οεειτοιεικειοσεαοεεσιεεοε.
1100 241 1140 304 σε

67 409 113 481 οὐκ
133 407 360 537 ἀπέλαβον
338 440 361 478 α
383 411 566 487 ίδάνεισαν,
589 406 740 491 οίδ’ίξ
721 411 974 503 ξήπατήδήσαν,
1002 415 1060 480 καί
1082 439 1140 480 ουκ

68 515 213 601 ίλαβον“
193 542 216 581 α
247 511 419 598 ὑπέσχετο
448 508 575 594 αὐτοῖς,
605 513 636 580 εί
665 511 901 581 ίπιδικάσαιτσ
928 539 986 581 του
973 515 1138 603 κλήρου,

66 617 182 685 δαίσειν.
218 622 350 697 καίτοι,
372 641 399 680 αι
385 601 549 699 ἀνδρες,
572 614 605 680 σί
626 610 783 702 ἡμέτεροι
797 614 960 702 πρόγονοι
979 617 1011 684 ολ
1033 621 1139 685 ταῦτα
1156 633 1190 686 41

66 718 257 807 κτησάμενοι
277 719 340 783 καὶ
359 715 602 794 καταλιπόντες
623 715 739 794 πάσας
760 717 821 838 μὲγ
846 723 1005 804 χορηγίας
1026 716 1140 805 ἐχορή-

64 842 166 908 γήσαν,
189 817 389 914 εἰσήνεγκαν
404 817 440 883 δὲ
455 816 553 896 είς
518 842 577 885 τον
592 817 742 901 πόλεμον
753 815 908 906 χρήματα
922 815 1068 886 πολλά“
1051 832 1138 903 υμῖν,

66 925 112 987 καί
130 923 412 1046 τριηραρχοῦντες
440 913 560 986 οάδένα
587 918 706 1006 χρόνον
729 919 892 986 διέλιπον.
936 920 1139 987 καὶτούτων

65 1021 222 1109 μαρτύρια
246 1019 282 1087 ἐν
304 1035 377 1098 τοῖς
400 1021 503 1107 ἱεροῖς
525 1015 730 1108 ἀναθήματα
753 1020 871 1090 ἐκεῖνοι
894 1021 928 1088 ἐκ
954 1026 1020 1089 τῶν
1043 1048 1138 1111 περι-

65 1123 171 1204 όντων,
201 1135 350 1211 μνημεῖα
378 1125 436 1210 τής
465 1119 574 1189 αὑτῶν
597 1116 730 1210 ἀρειής,
754 1117 931 1206 ἀνέθεσαν,
957 1129 1057 1192 τοῦτο
1078 1127 1138 1210 μὲν

67 1223 277 1292 ἒνΔιονύσου
299 1247 340 1310 τρ
343 1223 530 1304 ίπσδας,ι
498 1248 555 1302 ους
574 1229 790 1312 χορηγοῦντες
808 1229 865 1292 καί
887 1229 1040 1306 νικῶντες
1061 1227 1138 1295 ἔλα·

65 1333 125 1409 βου,
147 1331 250 1393 τοῦτο
272 1318 307 1390 δ’
334 1323 369 1390 ἐν
397 1329 553 1392 Πυθίου·
582 1325 632 1392 ’ίτι
655 1320 686 1391 δ’
712 1324 746 1392 ἐν
776 1321 957 1414 ἀκροπόλει
985 1323 1139 1416 ἀπαρχὰς
1153 1339 1191 1395 48

66 1431 123 1496 τῶν
150 1423 259 1495 ὄντων
289 1419 473 1502 ἀναθέντες
500 1427 654 1507 πολλοῖς,
684 1423 730 1504 ιδς
759 1421 828 1493 ἀπὸ
866 1427 956 1505 ἰδίας
982 1431 1137 1515 κτήσεως,

68 1523 230 1616 ἀγάλμασι
250 1529 386 1611 χαλκοῖς
407 1529 461 1593 καί
486 1528 633 1604 λιθίνοις
653 1527 876 1614 κεκοσμήκασι
889 1527 927 1593 τὸ
947 1528 1046 1616 ἱερόν.
1080 1523 1138 1595 αὖ·

67 1633 111 1697 τοὶ
133 1625 162 1697 δ’
188 1627 277 1714 ὑπὲρ
298 1632 358 1716 τῆς
372 1629 537 1716 πατρίδος
551 1629 775 1711 πολεμοῦντες
791 1622 976 1711 ἀπέθανον,
998 1634 1138 1697 Δικαιο-

67 1737 151 1820 γίνής
172 1731 235 1815 μὲν
258 1727 276 1797 ὁ
300 1729 489 1808 Μενεξένου
511 1731 572 1794 τοῦ
594 1726 675 1812 ἐμοῦ
697 1728 846 1796 πάππου
862 1729 974 1819 πατήρ
997 1752 1139 1820 στρατή-

66 1836 124 1917 γών
145 1827 202 1901 ὅτε
223 1828 245 1922 ἦ
270 1830 305 1898 ἓν
315 1824 477 1898 Ἐλευσῖνι
498 1829 585 1919 μάχη
608 1829 745 1917 ἐγένετο,
768 1829 956 1911 Μενέξενος
970 1825 1001 1898 δ’
1021 1828 1038 1899 ὃ
1055 1830 1139 1900 ἐκεί-

69 1958 118 2000 νου
131 1933 204 2014 υίὸς
219 1935 454 2023 φυλαρχων
413 1955 471 2019 της
483 1924 668 2010 ΗΟλυσίοις
652 1957 688 1999 εν
699 1933 904 2020 Σπαρτώλιμ,
919 1939 1139 2053 Δικαισγένής

70 2034 135 2102 δίο
126 2031 350 2112 (Μενεξένου
372 2036 579 2153 τριηραρχῶν
598 2059 659 2121 της
673 2035 835 2121 Παραλου
859 2034 893 2101 δν
907 2037 1030 2123 Κνίδῳ
1059 2040 1136 2103 τοῦ·
1152 2051 1190 2108 48

70 2161 118 2202 τον
131 2143 245 2221 μέντοι
259 2136 319 2203 τὸν
335 2133 426 2202 οἷκον
447 2134 497 2216 σύ,
521 2161 547 2200 ω
534 2121 787 2222 Δικαιόγενες,
810 2136 995 2223 παραλαβα
1001 2164 1018 2204 ν
1032 2161 1139 2214 κακως

71 2240 115 2304 καὶ
127 2238 271 2327 οίσχροις
283 2237 493 2359 διολώήεκας,
509 2238 565 2302 καί
580 2235 877 2358 ἐξαργυρισάμενος
891 2243 1011 2303 πενίαν
1026 2231 1138 2356 ήδυρή,

72 2353 123 2406 ποῖ
142 2334 340 2422 ἀναλώσας,·
362 2335 521 2425 οὔτεγὰρ
545 2337 650 2414 είς
614 2362 674 2424 τήν
689 2337 790 2405 πόλιν
813 2333 889 2403 οὔτε
911 2337 960 2415 εἰς
980 2335 1058 2415 τοὺς
1080 2345 1139 2427 φί-

74 2439 136 2517 λους
155 2440 303 2529 φανερὸς
318 2437 348 2507 εἶ
343 2439 569 2561 δαπανήσας
584 2433 690 2506 οὐδέν.
728 2433 813 2506 ἀλλὰ
834 2437 901 2526 μήν
917 2433 993 2507 ουδὲ
1007 2445 1138 2509 καθιπ·

73 2543 293 2654 ποτρόφήκας·
317 2535 355 2608 οὗ
370 2540 433 2628 γὰρ
448 2539 590 2607 πώποτε
606 2540 731 2628 ἐκτήσω
746 2542 856 2609 ίππον
871 2543 953 2608 πλεί
939 2547 1028 2620 ίονος
1043 2536 1137 2620 ἀξιον

75 2628 202 2764 ήτριῶν
223 2646 332 2727 μνῶν·
357 2638 433 2709 οὔτε
454 2642 844 2732 κατεζευγοτρόφήκαςᾎ
830 2669 907 2710 επει
929 2637 1005 2710 οὐδὲ
1027 2643 1138 2730 ζεῦγος

75 2738 182 2832 ἐκτήσω
206 2738 320 2832 ἀρικόν
345 2738 623 2811 σῦδεπώποτεὲπ
626 2748 638 2811 Q
596 2745 833 2822 πτσσσύτσις
848 2739 962 2831 ἀγροῖς
983 2748 1039 2810 καί
1060 2745 1137 2832 κτή-

75 2866 151 2921 μασι.
197 2840 272 2912 ἀλλ’
299 2839 371 2911 σάδ
399 2844 433 2911 ἐκ
462 2849 529 2913 τῶν
552 2847 726 2928 πολεμίων
756 2840 862 2911 ἐλπίσω
885 2839 1012 2909 οὐδένα.
1058 2838 1133 2908 ἀλλ’
1151 2861 1189 2915 44

75 2937 120 3011 σῦδ
120 2949 135 3014 ὲ
156 2947 198 3014 τὰ
222 2941 477 3033 ἀναθήματα,
462 2974 483 3012 α
476 2945 693 3025 Μενέξενος
714 2949 815 3031 τριῶν
836 2942 1008 3009 ταλάντοιν
1036 2966 1137 3030 ποιή-

76 3046 201 3131 σάμενσς
229 3042 385 3115 ἀπέδυνε
414 3049 495 3132 πρὶν
527 3042 722 3126 ἀναθεῖναι,
753 3044 801 3123 εἰς
823 3043 924 3112 πόλιν
953 3042 1136 3128 κεκόμικας,

76 3137 176 3214 ἀλλ”
163 3176 197 3217 εν
218 3163 292 3227 τοῖς
315 3148 580 3267 λιθουργείοις”
563 3174 613 3216 ετι
634 3147 848 3229 καλινδεῖται,
876 3149 933 3213 καὶ
955 3140 1055 3226 αὐτὸς
1076 3135 1137 3234 μλν

75 3237 170 3331 ἠξίους
191 3243 426 3338 κεκτήσθαι”
405 3277 426 3315 α
450 3273 505 3318 σοι
527 3244 622 3319 οὐδὲν
650 3254 798 3339 προσήκε
816 3248 977 3338 χρήματα,
1006 3264 1078 3330 τοῖς
1101 3252 1137 3318 δὲ

142 3475 185 3528 41.
204 3479 220 3527 5
238 3479 387 3544 μαρτυρίαι
406 3489 454 3526 em.
471 3473 529 3526 Ald.
599 3470 645 3527 42.
664 3476 678 3524 3
697 3468 878 3539 κικοσμήμακι
895 3489 943 3540 pr„
958 3438 1027 3541 ἀαιίι
1045 3489 1108 3526 corr.
1124 3477 1134 3526 1

75 3577 99 3591 ·
113 3561 128 3611 6
144 3561 174 3612 av
186 3555 305 3612 Ἀλιιῦσι
322 3558 382 3613 Dbr.
403 3587 437 3597 -
459 3561 474 3610 7
493 3557 539 3621 τῆε
554 3551 701 3609 Ὀλυνθίατ
718 3555 819 3615 Palmer
839 3585 873 3595 -
892 3561 907 3610 8
924 3553 1029 3610 κνιδ.οι
1047 3560 1091 3609 aut
1108 3558 1136 3625 ft·

74 3636 151 3696 κελαι
169 3660 217 3711 pn,
236 3659 300 3696 corr.
316 3647 338 3696 1.
407 3639 454 3695 48.
474 3646 496 3695 1.
514 3643 529 3693 2
547 3641 649 3692 τοῦτον
664 3640 758 3707 μέντοι
776 3637 826 3693 τὸν
844 3641 875 3693 de
893 3656 960 3706 meo,
977 3638 1027 3694 τὸν
1042 3642 1138 3709 μέντοι

75 3719 156 3778 τούτου
173 3726 251 3780 Βαίας
275 3724 326 3780 τὸν
342 3728 395 3794 μὲν
417 3726 516 3778 τοῦτον
534 3755 566 3763 -
585 3729 601 3778 4
619 3728 668 3778 ποῖ
684 3724 746 3776 Bk.:
764 3724 817 3778 ποῦ
841 3754 873 3762 -
899 3729 913 3776 5
932 3726 1069 3795 φαυσρῶτε
1088 3743 1137 3778 em.

76 3797 174 3876 Scaliger
195 3840 229 3851 -
244 3807 439 3875 -δαπανηθιῖτι
464 3825 512 3863 em.
536 3809 597 3860 Nbr.
682 3809 728 3863 44.
750 3812 773 3861 2.
792 3810 807 3859 3
830 3801 1009 3873 ποιησάμενοι
1030 3826 1094 3863 corr.
1114 3815 1136 3872 1,

76 3884 251 3963 ἔπιίησιμιυοτ
267 3901 297 3948 ut
308 3895 360 3948 vid.
373 3910 424 3961 pr.:
443 3895 471 3946 ft.
483 3894 534 3962 leg.
550 3897 659 3960 ίποίησι
675 3897 734 3960 μίν,
752 3886 880 3944 ἀπίδονι
894 3885 925 3940 δι’
942 3919 975 3929 -
993 3890 1138 3963 4·λιδσυρ

75 3976 142 4034 λίθεοι
159 3994 207 4032 em.
228 3978 317 4047 Steph.
335 4009 368 4018 -
386 3973 563 4032 κυλινδεῖταιε
582 3993 630 4031 em.
649 3977 710 4030 coh.
767 4005 770 4009 ·
968 4000 971 4005 ¹

117 4068 194 4112 lmus.
932 4061 947 4108 5
