<?xml version="1.0" encoding="UTF-8"?>
<!DOCTYPE html PUBLIC "-//W3C//DTD XHTML 1.0 Transitional//EN"
    "http://www.w3.org/TR/xhtml1/DTD/xhtml1-transitional.dtd">
<html xmlns="http://www.w3.org/1999/xhtml" xml:lang="en" lang="en">
 <head>
  <title>
</title>
<meta http-equiv="Content-Type" content="text/html;charset=utf-8" />
  <meta name='ocr-system' content='tesseract 3.04.00' />
  <meta name='ocr-capabilities' content='ocr_page ocr_carea ocr_par ocr_line ocrx_word'/>
</head>
<body>
  <div class='ocr_page' id='page_1' title='image "./isaeiorationesc01buergoog_0053.png"; bbox 0 0 2572 4476; ppageno 0'>
   <div class='ocr_carea' id='block_1_1' title="bbox 129 233 1202 294">
    <p class='ocr_par' dir='ltr' id='par_1_1' title="bbox 129 233 1202 294">
     <span class='ocr_line' id='line_1_1' title="bbox 129 233 1202 294; baseline 0.009 -13"><span class='ocrx_word' id='word_1_1' title='bbox 129 233 169 293; x_wconf 82' lang='lat'><em>30</em></span> <span class='ocrx_word' id='word_1_2' title='bbox 612 234 721 287; x_wconf 77' lang='grc' dir='ltr'>ΙΣᾸΙΟΥ</span> <span class='ocrx_word' id='word_1_3' title='bbox 1137 251 1172 294; x_wconf 75' lang='lat'><em>01.</em></span> <span class='ocrx_word' id='word_1_4' title='bbox 1184 252 1202 292; x_wconf 80' lang='grc'><em>1.</em></span> 
     </span>
    </p>
   </div>
   <div class='ocr_carea' id='block_1_2' title="bbox 128 395 1203 901">
    <p class='ocr_par' dir='ltr' id='par_1_2' title="bbox 128 395 1203 901">
     <span class='ocr_line' id='line_1_2' title="bbox 128 395 1203 492; baseline 0.001 -22"><span class='ocrx_word' id='word_1_5' title='bbox 128 400 376 492; x_wconf 79' lang='grc' dir='ltr'><em>ῶμολογηκότες</em></span> <span class='ocrx_word' id='word_1_6' title='bbox 399 401 466 471; x_wconf 85' lang='grc' dir='ltr'><em>εἰσί</em></span> <span class='ocrx_word' id='word_1_7' title='bbox 487 405 603 470; x_wconf 81' lang='grc' dir='ltr'><em>ταῦτα.</em></span> <span class='ocrx_word' id='word_1_8' title='bbox 647 395 846 481; x_wconf 73' lang='grc' dir='ltr'><em>ἀκούσαντες</em></span> <span class='ocrx_word' id='word_1_9' title='bbox 862 403 969 469; x_wconf 78' lang='grc' dir='ltr'><em>δὲκαὶ</em></span> <span class='ocrx_word' id='word_1_10' title='bbox 987 397 1082 486; x_wconf 83' lang='grc' dir='ltr'><em>ύμεῖς</em></span> <span class='ocrx_word' id='word_1_11' title='bbox 1097 397 1203 471; x_wconf 76' lang='grc' dir='ltr'><em>αὐτῶν</em></span> 
     </span>
     <span class='ocr_line' id='line_1_3' title="bbox 128 499 1202 592; baseline 0 -20"><span class='ocrx_word' id='word_1_12' title='bbox 128 509 195 572; x_wconf 87' lang='grc' dir='ltr'><em>τῶν</em></span> <span class='ocrx_word' id='word_1_13' title='bbox 208 509 408 592; x_wconf 84' lang='grc' dir='ltr'><em>μαρτυριῶν,</em></span> <span class='ocrx_word' id='word_1_14' title='bbox 431 504 604 592; x_wconf 85' lang='grc' dir='ltr'><em>γνώσεσθε</em></span> <span class='ocrx_word' id='word_1_15' title='bbox 619 501 665 584; x_wconf 83' lang='grc' dir='ltr'><em>ῶς</em></span> <span class='ocrx_word' id='word_1_16' title='bbox 680 499 777 584; x_wconf 82' lang='grc' dir='ltr'><em>οὗτός</em></span> <span class='ocrx_word' id='word_1_17' title='bbox 797 529 834 571; x_wconf 85' lang='grc' dir='ltr'><em>τε</em></span> <span class='ocrx_word' id='word_1_18' title='bbox 851 507 1048 592; x_wconf 79' lang='grc' dir='ltr'><em>περιφανῶς</em></span> <span class='ocrx_word' id='word_1_19' title='bbox 1062 504 1106 571; x_wconf 83' lang='grc' dir='ltr'><em>τὰ</em></span> <span class='ocrx_word' id='word_1_20' title='bbox 1123 517 1202 590; x_wconf 84' lang='grc' dir='ltr'><em>ψευ-</em></span> 
     </span>
     <span class='ocr_line' id='line_1_4' title="bbox 131 599 1202 696; baseline 0.001 -23"><span class='ocrx_word' id='word_1_21' title='bbox 131 607 171 696; x_wconf 80' lang='grc' dir='ltr'><em>δή</em></span> <span class='ocrx_word' id='word_1_22' title='bbox 192 605 428 695; x_wconf 79' lang='grc' dir='ltr'><em>μεμαρτύρηκε,</em></span> <span class='ocrx_word' id='word_1_23' title='bbox 452 608 508 673; x_wconf 86' lang='grc' dir='ltr'><em>καὶ</em></span> <span class='ocrx_word' id='word_1_24' title='bbox 529 599 644 695; x_wconf 79' lang='grc' dir='ltr'><em>ὀρθῶς</em></span> <span class='ocrx_word' id='word_1_25' title='bbox 665 610 720 674; x_wconf 83' lang='grc' dir='ltr'><em>καὶ</em></span> <span class='ocrx_word' id='word_1_26' title='bbox 735 604 819 674; x_wconf 85' lang='grc' dir='ltr'><em>κατὰ</em></span> <span class='ocrx_word' id='word_1_27' title='bbox 833 605 911 684; x_wconf 85' lang='grc' dir='ltr'><em>τούς</em></span> <span class='ocrx_word' id='word_1_28' title='bbox 927 606 1047 690; x_wconf 88' lang='grc' dir='ltr'><em>νόμους</em></span> <span class='ocrx_word' id='word_1_29' title='bbox 1063 607 1097 673; x_wconf 84' lang='grc' dir='ltr'><em>οἱ</em></span> <span class='ocrx_word' id='word_1_30' title='bbox 1112 605 1202 674; x_wconf 78' lang='grc' dir='ltr'><em>δικά-</em></span> 
     </span>
     <span class='ocr_line' id='line_1_5' title="bbox 130 706 1203 802; baseline 0.002 -26"><span class='ocrx_word' id='word_1_31' title='bbox 130 731 247 786; x_wconf 81' lang='grc' dir='ltr'><em>σαντες</em></span> <span class='ocrx_word' id='word_1_32' title='bbox 267 707 327 795; x_wconf 88' lang='grc' dir='ltr'><em>τήν</em></span> <span class='ocrx_word' id='word_1_33' title='bbox 349 710 441 798; x_wconf 80' lang='grc' dir='ltr'><em>δίκην</em></span> <span class='ocrx_word' id='word_1_34' title='bbox 464 708 609 802; x_wconf 75' lang='grc' dir='ltr'><em>’ἔγνωσαν</em></span> <span class='ocrx_word' id='word_1_35' title='bbox 631 706 691 796; x_wconf 84' lang='grc' dir='ltr'><em>τὴν</em></span> <span class='ocrx_word' id='word_1_36' title='bbox 711 710 933 798; x_wconf 78' lang='grc' dir='ltr'><em>κληρονομίαν</em></span> <span class='ocrx_word' id='word_1_37' title='bbox 953 708 999 797; x_wconf 85' lang='grc' dir='ltr'><em>μή</em></span> <span class='ocrx_word' id='word_1_38' title='bbox 1026 710 1203 798; x_wconf 79' lang='grc' dir='ltr'><em>προσήκειν</em></span> 
     </span>
     <span class='ocr_line' id='line_1_6' title="bbox 129 804 1198 901; baseline 0.002 -25"><span class='ocrx_word' id='word_1_39' title='bbox 129 815 170 899; x_wconf 81' lang='grc' dir='ltr'><em>τῇ</em></span> <span class='ocrx_word' id='word_1_40' title='bbox 196 810 241 900; x_wconf 83' lang='grc' dir='ltr'><em>μή</em></span> <span class='ocrx_word' id='word_1_41' title='bbox 271 804 387 901; x_wconf 83' lang='grc' dir='ltr'><em>ὀρθῶς</em></span> <span class='ocrx_word' id='word_1_42' title='bbox 413 815 606 900; x_wconf 77' lang='grc' dir='ltr'><em>γεγενημένῃ</em></span> <span class='ocrx_word' id='word_1_43' title='bbox 636 817 776 896; x_wconf 86' lang='grc' dir='ltr'><em>γυναικί.</em></span> <span class='ocrx_word' id='word_1_44' title='bbox 819 804 1075 897; x_wconf 80' lang='grc' dir='ltr'><em>Ἀναγίγνωσκε·</em></span> <span class='ocrx_word' id='word_1_45' title='bbox 1103 810 1144 878; x_wconf 86' lang='grc' dir='ltr'><em>σύ</em></span> <span class='ocrx_word' id='word_1_46' title='bbox 1171 805 1198 878; x_wconf 73' lang='grc' dir='ltr'><em>δ’</em></span> 
     </span>
    </p>
   </div>
   <div class='ocr_carea' id='block_1_3' title="bbox 130 905 856 1054">
    <p class='ocr_par' dir='ltr' id='par_1_3' title="bbox 130 905 856 1054">
     <span class='ocr_line' id='line_1_7' title="bbox 130 905 856 1000; baseline -0.004 -19.932"><span class='ocrx_word' id='word_1_47' title='bbox 130 912 270 1000; x_wconf 74' lang='grc' dir='ltr'><em>ἐπίλαβε</em></span> <span class='ocrx_word' id='word_1_48' title='bbox 292 912 329 980; x_wconf 85' lang='grc' dir='ltr'><em>τὸ</em></span> <span class='ocrx_word' id='word_1_49' title='bbox 352 905 453 1000; x_wconf 81' lang='grc' dir='ltr'><em>ύόαιρ.</em></span> <span class='ocrx_word' id='word_1_50' title='bbox 506 923 512 928; x_wconf 83' lang='grc'><strong>“</strong></span> <span class='ocrx_word' id='word_1_51' title='bbox 854 983 856 988; x_wconf 87' lang='lat'><em>.</em></span> 
     </span>
     <span class='ocr_line' id='line_1_8' title="bbox 555 999 784 1054; baseline -0.009 0"><span class='ocrx_word' id='word_1_52' title='bbox 555 999 784 1054; x_wconf 78' lang='lat' dir='ltr'><strong>MAPTYPIAI.</strong></span> 
     </span>
    </p>
   </div>
   <div class='ocr_carea' id='block_1_4' title="bbox 76 1069 1203 2189">
    <p class='ocr_par' dir='ltr' id='par_1_4' title="bbox 76 1069 1201 1580">
     <span class='ocr_line' id='line_1_9' title="bbox 76 1069 1201 1204; baseline 0.001 -56"><span class='ocrx_word' id='word_1_53' title='bbox 76 1091 112 1148; x_wconf 75' lang='lat'><em>18</em></span> <span class='ocrx_word' id='word_1_54' title='bbox 212 1077 266 1161; x_wconf 89' lang='grc' dir='ltr'><em>Ὡς</em></span> <span class='ocrx_word' id='word_1_55' title='bbox 293 1083 354 1167; x_wconf 81' lang='grc' dir='ltr'><em>μέν</em></span> <span class='ocrx_word' id='word_1_56' title='bbox 382 1081 498 1204; x_wconf 78' lang='grc' dir='ltr'><em>ἑταίρα</em></span> <span class='ocrx_word' id='word_1_57' title='bbox 526 1069 566 1171; x_wconf 85' lang='grc' dir='ltr'><em>ήν</em></span> <span class='ocrx_word' id='word_1_58' title='bbox 593 1085 643 1168; x_wconf 70' lang='grc' dir='ltr'><em>τη]</em></span> <span class='ocrx_word' id='word_1_59' title='bbox 669 1083 861 1169; x_wconf 83' lang='grc' dir='ltr'><em>βουλομένη)</em></span> <span class='ocrx_word' id='word_1_60' title='bbox 889 1085 945 1151; x_wconf 82' lang='grc' dir='ltr'><em>καί</em></span> <span class='ocrx_word' id='word_1_61' title='bbox 975 1076 1012 1150; x_wconf 86' lang='grc' dir='ltr'><em>ού</em></span> <span class='ocrx_word' id='word_1_62' title='bbox 1041 1082 1120 1204; x_wconf 79' lang='grc' dir='ltr'><em>γυηή</em></span> <span class='ocrx_word' id='word_1_63' title='bbox 1148 1087 1201 1151; x_wconf 84' lang='grc' dir='ltr'><em>τού</em></span> 
     </span>
     <span class='ocr_line' id='line_1_10' title="bbox 128 1166 1200 1307; baseline 0.004 -58"><span class='ocrx_word' id='word_1_64' title='bbox 128 1180 287 1306; x_wconf 84' lang='grc' dir='ltr'><em>ήμετέρυυ</em></span> <span class='ocrx_word' id='word_1_65' title='bbox 310 1189 425 1267; x_wconf 88' lang='grc' dir='ltr'><em>θείου,</em></span> <span class='ocrx_word' id='word_1_66' title='bbox 452 1182 492 1271; x_wconf 90' lang='grc' dir='ltr'><em>ήν</em></span> <span class='ocrx_word' id='word_1_67' title='bbox 515 1178 611 1262; x_wconf 82' lang='grc' dir='ltr'><em>οὗτος</em></span> <span class='ocrx_word' id='word_1_68' title='bbox 635 1181 794 1306; x_wconf 81' lang='grc' dir='ltr'><em>έγγυησαι</em></span> <span class='ocrx_word' id='word_1_69' title='bbox 812 1166 925 1307; x_wconf 73' lang='grc' dir='ltr'><em>ἐκείνην</em></span> <span class='ocrx_word' id='word_1_70' title='bbox 947 1185 1200 1302; x_wconf 83' lang='grc' dir='ltr'><em>μεμαρτύρηκεν,</em></span> 
     </span>
     <span class='ocr_line' id='line_1_11' title="bbox 128 1279 1200 1373; baseline 0.004 -22"><span class='ocrx_word' id='word_1_71' title='bbox 128 1281 194 1352; x_wconf 85' lang='grc' dir='ltr'><em>ύπὸ</em></span> <span class='ocrx_word' id='word_1_72' title='bbox 217 1289 284 1352; x_wconf 86' lang='grc' dir='ltr'><em>τῶν</em></span> <span class='ocrx_word' id='word_1_73' title='bbox 307 1280 416 1352; x_wconf 82' lang='grc' dir='ltr'><em>αλλων</em></span> <span class='ocrx_word' id='word_1_74' title='bbox 439 1285 570 1353; x_wconf 78' lang='grc' dir='ltr'><em>οἰκείων</em></span> <span class='ocrx_word' id='word_1_75' title='bbox 593 1279 680 1352; x_wconf 66' lang='grc' dir='ltr'><em>καί“</em></span> <span class='ocrx_word' id='word_1_76' title='bbox 663 1282 729 1352; x_wconf 83' lang='grc' dir='ltr'><em>υπὸ</em></span> <span class='ocrx_word' id='word_1_77' title='bbox 745 1289 812 1353; x_wconf 90' lang='grc' dir='ltr'><em>τῶν</em></span> <span class='ocrx_word' id='word_1_78' title='bbox 826 1285 984 1373; x_wconf 87' lang='grc' dir='ltr'><em>γειτόνων</em></span> <span class='ocrx_word' id='word_1_79' title='bbox 998 1291 1064 1354; x_wconf 89' lang='grc' dir='ltr'><em>τῶν</em></span> <span class='ocrx_word' id='word_1_80' title='bbox 1080 1286 1200 1355; x_wconf 77' lang='grc' dir='ltr'><em>ἐκείνου</em></span> 
     </span>
     <span class='ocr_line' id='line_1_12' title="bbox 128 1383 1201 1477; baseline 0.002 -23"><span class='ocrx_word' id='word_1_81' title='bbox 128 1387 376 1477; x_wconf 80' lang='grc' dir='ltr'><em>μεμαρτύρηται</em></span> <span class='ocrx_word' id='word_1_82' title='bbox 399 1387 485 1476; x_wconf 85' lang='grc' dir='ltr'><em>πρὸς</em></span> <span class='ocrx_word' id='word_1_83' title='bbox 507 1383 609 1472; x_wconf 78' lang='grc' dir='ltr'><em>ὑμᾶς·</em></span> <span class='ocrx_word' id='word_1_84' title='bbox 633 1391 666 1454; x_wconf 87' lang='grc' dir='ltr'><em>οἳ</em></span> <span class='ocrx_word' id='word_1_85' title='bbox 687 1387 795 1472; x_wconf 84' lang='grc' dir='ltr'><em>μάχας</em></span> <span class='ocrx_word' id='word_1_86' title='bbox 816 1391 872 1456; x_wconf 84' lang='grc' dir='ltr'><em>καὶ</em></span> <span class='ocrx_word' id='word_1_87' title='bbox 887 1388 1017 1474; x_wconf 82' lang='grc' dir='ltr'><em>κώμους</em></span> <span class='ocrx_word' id='word_1_88' title='bbox 1034 1392 1091 1456; x_wconf 93' lang='grc' dir='ltr'><em>καὶ</em></span> <span class='ocrx_word' id='word_1_89' title='bbox 1107 1383 1201 1457; x_wconf 81' lang='grc' dir='ltr'><em>ἆσέλ-</em></span> 
     </span>
     <span class='ocr_line' id='line_1_13' title="bbox 128 1484 1200 1580; baseline -0.001 -23"><span class='ocrx_word' id='word_1_90' title='bbox 128 1515 220 1577; x_wconf 89' lang='grc' dir='ltr'><em>γειαν</em></span> <span class='ocrx_word' id='word_1_91' title='bbox 251 1489 394 1580; x_wconf 82' lang='grc' dir='ltr'><em>πολλήν,</em></span> <span class='ocrx_word' id='word_1_92' title='bbox 425 1487 530 1558; x_wconf 87' lang='grc' dir='ltr'><em>ύπότε</em></span> <span class='ocrx_word' id='word_1_93' title='bbox 556 1487 576 1580; x_wconf 87' lang='grc' dir='ltr'><em>ή</em></span> <span class='ocrx_word' id='word_1_94' title='bbox 605 1489 723 1558; x_wconf 83' lang='grc' dir='ltr'><em>τούτου</em></span> <span class='ocrx_word' id='word_1_95' title='bbox 754 1484 881 1580; x_wconf 76' lang='grc' dir='ltr'><em>ἀδελφή</em></span> <span class='ocrx_word' id='word_1_96' title='bbox 912 1490 963 1580; x_wconf 80' lang='grc' dir='ltr'><em>ε’ίη</em></span> <span class='ocrx_word' id='word_1_97' title='bbox 994 1485 1076 1575; x_wconf 77' lang='grc' dir='ltr'><em>παρ’</em></span> <span class='ocrx_word' id='word_1_98' title='bbox 1105 1486 1200 1578; x_wconf 73' lang='grc' dir='ltr'><em>αύτηῐ,</em></span> 
     </span>
    </p>

    <p class='ocr_par' dir='ltr' id='par_1_5' title="bbox 77 1586 1203 2189">
     <span class='ocr_line' id='line_1_14' title="bbox 77 1586 1200 1682; baseline -0.003 -21"><span class='ocrx_word' id='word_1_99' title='bbox 77 1605 113 1661; x_wconf 78' lang='lat'><em>14</em></span> <span class='ocrx_word' id='word_1_100' title='bbox 130 1592 419 1682; x_wconf 81' lang='grc' dir='ltr'><em>μεμαρτυρήκασιν</em></span> <span class='ocrx_word' id='word_1_101' title='bbox 440 1598 616 1680; x_wconf 89' lang='grc' dir='ltr'><em>γίγνεσθαι</em></span> <span class='ocrx_word' id='word_1_102' title='bbox 639 1596 717 1682; x_wconf 76' lang='grc' dir='ltr'><em>περὶ</em></span> <span class='ocrx_word' id='word_1_103' title='bbox 741 1586 850 1682; x_wconf 86' lang='grc' dir='ltr'><em>αύτής.</em></span> <span class='ocrx_word' id='word_1_104' title='bbox 894 1599 1004 1661; x_wconf 85' lang='grc' dir='ltr'><em>καίτοι</em></span> <span class='ocrx_word' id='word_1_105' title='bbox 1027 1586 1064 1659; x_wconf 86' lang='grc' dir='ltr'><em>ού</em></span> <span class='ocrx_word' id='word_1_106' title='bbox 1082 1592 1120 1682; x_wconf 80' lang='grc' dir='ltr'><em>δή</em></span> <span class='ocrx_word' id='word_1_107' title='bbox 1137 1593 1200 1659; x_wconf 88' lang='grc' dir='ltr'><em>πού</em></span> 
     </span>
     <span class='ocr_line' id='line_1_15' title="bbox 128 1687 1199 1782; baseline -0.002 -20"><span class='ocrx_word' id='word_1_108' title='bbox 128 1720 164 1782; x_wconf 92' lang='grc' dir='ltr'><em>γε</em></span> <span class='ocrx_word' id='word_1_109' title='bbox 187 1694 245 1762; x_wconf 78' lang='grc' dir='ltr'><em>ἐπὶ</em></span> <span class='ocrx_word' id='word_1_110' title='bbox 266 1694 411 1782; x_wconf 87' lang='grc' dir='ltr'><em>γαμετὰς</em></span> <span class='ocrx_word' id='word_1_111' title='bbox 432 1709 587 1782; x_wconf 87' lang='grc' dir='ltr'><em>γυναῖκας</em></span> <span class='ocrx_word' id='word_1_112' title='bbox 611 1689 722 1774; x_wconf 80' lang='grc' dir='ltr'><em>αύὸεὶς</em></span> <span class='ocrx_word' id='word_1_113' title='bbox 745 1687 785 1763; x_wconf 73' lang='grc' dir='ltr'><em>ε’ίν</em></span> <span class='ocrx_word' id='word_1_114' title='bbox 806 1694 969 1780; x_wconf 86' lang='grc' dir='ltr'><em>κωμάζειν</em></span> <span class='ocrx_word' id='word_1_115' title='bbox 991 1695 1199 1782; x_wconf 81' lang='grc' dir='ltr'><em>τολμήσειεν·</em></span> 
     </span>
     <span class='ocr_line' id='line_1_16' title="bbox 130 1789 1202 1884; baseline 0 -22"><span class='ocrx_word' id='word_1_116' title='bbox 130 1789 206 1862; x_wconf 77' lang='grc' dir='ltr'><em>οὐδὲ</em></span> <span class='ocrx_word' id='word_1_117' title='bbox 230 1798 265 1862; x_wconf 80' lang='grc' dir='ltr'><em>αἱ</em></span> <span class='ocrx_word' id='word_1_118' title='bbox 286 1801 429 1884; x_wconf 85' lang='grc' dir='ltr'><em>γαμεταὶ</em></span> <span class='ocrx_word' id='word_1_119' title='bbox 450 1811 599 1882; x_wconf 88' lang='grc' dir='ltr'><em>γυναῖκες</em></span> <span class='ocrx_word' id='word_1_120' title='bbox 621 1797 772 1884; x_wconf 71' lang='grc' dir='ltr'><em>’ἔρχονται</em></span> <span class='ocrx_word' id='word_1_121' title='bbox 793 1796 877 1883; x_wconf 82' lang='grc' dir='ltr'><em>μετὰ</em></span> <span class='ocrx_word' id='word_1_122' title='bbox 905 1801 971 1864; x_wconf 87' lang='grc' dir='ltr'><em>τῶν</em></span> <span class='ocrx_word' id='word_1_123' title='bbox 995 1790 1123 1884; x_wconf 79' lang='grc' dir='ltr'><em>ἀνδρῶν</em></span> <span class='ocrx_word' id='word_1_124' title='bbox 1147 1795 1202 1862; x_wconf 78' lang='grc' dir='ltr'><em>ἐπὶ</em></span> 
     </span>
     <span class='ocr_line' id='line_1_17' title="bbox 128 1890 1201 1986; baseline 0.001 -24"><span class='ocrx_word' id='word_1_125' title='bbox 128 1895 170 1962; x_wconf 82' lang='grc' dir='ltr'><em>τὰ</em></span> <span class='ocrx_word' id='word_1_126' title='bbox 194 1897 324 1976; x_wconf 80' lang='grc' dir='ltr'><em>δεῖπνα,</em></span> <span class='ocrx_word' id='word_1_127' title='bbox 348 1890 424 1963; x_wconf 76' lang='grc' dir='ltr'><em>οὐδὲ</em></span> <span class='ocrx_word' id='word_1_128' title='bbox 447 1896 655 1964; x_wconf 82' lang='grc' dir='ltr'><em>συνδειπνεῖν</em></span> <span class='ocrx_word' id='word_1_129' title='bbox 679 1892 810 1976; x_wconf 82' lang='grc' dir='ltr'><em>ἇξιούσι</em></span> <span class='ocrx_word' id='word_1_130' title='bbox 824 1897 909 1982; x_wconf 84' lang='grc' dir='ltr'><em>μετὰ</em></span> <span class='ocrx_word' id='word_1_131' title='bbox 925 1902 991 1964; x_wconf 90' lang='grc' dir='ltr'><em>τῶν</em></span> <span class='ocrx_word' id='word_1_132' title='bbox 1010 1892 1201 1986; x_wconf 77' lang='grc' dir='ltr'><em>ἀλλοτρίων,</em></span> 
     </span>
     <span class='ocr_line' id='line_1_18' title="bbox 128 1994 1202 2087; baseline 0.004 -24"><span class='ocrx_word' id='word_1_133' title='bbox 128 2000 184 2063; x_wconf 86' lang='grc' dir='ltr'><em>καί</em></span> <span class='ocrx_word' id='word_1_134' title='bbox 206 2000 310 2062; x_wconf 81' lang='grc' dir='ltr'><em>ταῦτα</em></span> <span class='ocrx_word' id='word_1_135' title='bbox 332 1995 416 2081; x_wconf 83' lang='grc' dir='ltr'><em>μετὰ</em></span> <span class='ocrx_word' id='word_1_136' title='bbox 438 2001 504 2064; x_wconf 90' lang='grc' dir='ltr'><em>τῶν</em></span> <span class='ocrx_word' id='word_1_137' title='bbox 527 1997 758 2083; x_wconf 76' lang='grc' dir='ltr'><em>ἐπιτυχόντων.</em></span> <span class='ocrx_word' id='word_1_138' title='bbox 805 1994 889 2066; x_wconf 77' lang='grc' dir='ltr'><em>ἀλλὰ</em></span> <span class='ocrx_word' id='word_1_139' title='bbox 919 1998 984 2087; x_wconf 86' lang='grc' dir='ltr'><em>μήν</em></span> <span class='ocrx_word' id='word_1_140' title='bbox 1012 2004 1060 2086; x_wconf 68' lang='grc' dir='ltr'><em>τη]</em></span> <span class='ocrx_word' id='word_1_141' title='bbox 1087 2026 1124 2086; x_wconf 89' lang='grc' dir='ltr'><em>γε</em></span> <span class='ocrx_word' id='word_1_142' title='bbox 1146 2025 1202 2085; x_wconf 88' lang='grc' dir='ltr'><em>με·</em></span> 
     </span>
     <span class='ocr_line' id='line_1_19' title="bbox 128 2093 1203 2189; baseline 0.002 -24"><span class='ocrx_word' id='word_1_143' title='bbox 128 2098 352 2188; x_wconf 88' lang='grc' dir='ltr'><em>μαρτυρηκότι</em></span> <span class='ocrx_word' id='word_1_144' title='bbox 374 2093 446 2166; x_wconf 74' lang='grc' dir='ltr'><em>οὐδ’</em></span> <span class='ocrx_word' id='word_1_145' title='bbox 473 2099 737 2189; x_wconf 71' lang='grc' dir='ltr'><em>ἐπισκήψασθαι</em></span> <span class='ocrx_word' id='word_1_146' title='bbox 760 2094 1024 2188; x_wconf 83' lang='grc' dir='ltr'><em>ούτοιήξίυισαν.</em></span> <span class='ocrx_word' id='word_1_147' title='bbox 1068 2106 1137 2169; x_wconf 83' lang='grc' dir='ltr'><em>Καὶ</em></span> <span class='ocrx_word' id='word_1_148' title='bbox 1160 2097 1203 2179; x_wconf 86' lang='grc' dir='ltr'><em>ῶς</em></span> 
     </span>
    </p>
   </div>
   <div class='ocr_carea' id='block_1_5' title="bbox 130 2195 1169 2292">
    <p class='ocr_par' dir='ltr' id='par_1_6' title="bbox 130 2195 1169 2292">
     <span class='ocr_line' id='line_1_20' title="bbox 130 2195 1169 2292; baseline 0.002 -24"><span class='ocrx_word' id='word_1_149' title='bbox 130 2195 243 2292; x_wconf 84' lang='grc' dir='ltr'><em>ύληθή</em></span> <span class='ocrx_word' id='word_1_150' title='bbox 267 2203 360 2289; x_wconf 82' lang='grc' dir='ltr'><em>λέγω,</em></span> <span class='ocrx_word' id='word_1_151' title='bbox 384 2196 606 2290; x_wconf 77' lang='grc' dir='ltr'><em>ἀναγίγνωσκε</em></span> <span class='ocrx_word' id='word_1_152' title='bbox 629 2204 733 2271; x_wconf 80' lang='grc' dir='ltr'><em>πάλιν</em></span> <span class='ocrx_word' id='word_1_153' title='bbox 758 2196 870 2283; x_wconf 85' lang='grc' dir='ltr'><em>αύτοῖς</em></span> <span class='ocrx_word' id='word_1_154' title='bbox 892 2201 952 2292; x_wconf 86' lang='grc' dir='ltr'><em>τήν</em></span> <span class='ocrx_word' id='word_1_155' title='bbox 974 2210 1169 2292; x_wconf 88' lang='grc' dir='ltr'><em>μαρτυρίαν.</em></span> 
     </span>
    </p>
   </div>
   <div class='ocr_carea' id='block_1_6' title="bbox 78 2342 1205 2522">
    <p class='ocr_par' dir='ltr' id='par_1_7' title="bbox 78 2342 1205 2513">
     <span class='ocr_line' id='line_1_21' title="bbox 559 2342 776 2396; baseline 0.01 -2"><span class='ocrx_word' id='word_1_156' title='bbox 559 2342 776 2396; x_wconf 79' lang='grc' dir='ltr'><strong>ΜΔΡΤΥΡῙΑ</strong></span> 
     </span>
     <span class='ocr_line' id='line_1_22' title="bbox 78 2410 1205 2522; baseline -0.004 -31"><span class='ocrx_word' id='word_1_157' title='bbox 78 2438 113 2493; x_wconf 73' lang='lat'><em>15</em></span> <span class='ocrx_word' id='word_1_158' title='bbox 224 2417 406 2507; x_wconf 68' lang='grc' dir='ltr'><em>’ένύγνιοθι</em></span> <span class='ocrx_word' id='word_1_159' title='bbox 429 2423 468 2510; x_wconf 83' lang='grc' dir='ltr'><em>δή</em></span> <span class='ocrx_word' id='word_1_160' title='bbox 492 2427 548 2490; x_wconf 89' lang='grc' dir='ltr'><em>καὶ</em></span> <span class='ocrx_word' id='word_1_161' title='bbox 569 2422 629 2502; x_wconf 83' lang='grc' dir='ltr'><em>τὰς</em></span> <span class='ocrx_word' id='word_1_162' title='bbox 651 2426 820 2511; x_wconf 79' lang='grc' dir='ltr'><em>περὶτῶν</em></span> <span class='ocrx_word' id='word_1_163' title='bbox 842 2410 1161 2522; x_wconf 77' lang='grc' dir='ltr'><em>πλησιασύντων</em></span> <span class='ocrx_word' id='word_1_164' title='bbox 1123 2450 1205 2510; x_wconf 82' lang='grc' dir='ltr'><em>αυτη</em></span> 
     </span>
    </p>
   </div>
   <div class='ocr_carea' id='block_1_7' title="bbox 128 2517 1205 2710">
    <p class='ocr_par' dir='ltr' id='par_1_8' title="bbox 128 2517 1205 2710">
     <span class='ocr_line' id='line_1_23' title="bbox 128 2517 1205 2647; baseline 0.001 -59"><span class='ocrx_word' id='word_1_165' title='bbox 128 2528 322 2647; x_wconf 83' lang='grc' dir='ltr'><em>μαρτυρίας,</em></span> <span class='ocrx_word' id='word_1_166' title='bbox 345 2524 401 2590; x_wconf 78' lang='grc' dir='ltr'><em>ἵνα</em></span> <span class='ocrx_word' id='word_1_167' title='bbox 425 2517 602 2590; x_wconf 71' lang='grc' dir='ltr'><em>είδῶσιν”</em></span> <span class='ocrx_word' id='word_1_168' title='bbox 583 2548 637 2590; x_wconf 89' lang='grc' dir='ltr'><em>οτι</em></span> <span class='ocrx_word' id='word_1_169' title='bbox 660 2523 775 2611; x_wconf 80' lang='grc' dir='ltr'><em>ἑταίρα</em></span> <span class='ocrx_word' id='word_1_170' title='bbox 797 2549 834 2590; x_wconf 92' lang='grc' dir='ltr'><em>τε</em></span> <span class='ocrx_word' id='word_1_171' title='bbox 855 2523 895 2610; x_wconf 89' lang='grc' dir='ltr'><em>ήν</em></span> <span class='ocrx_word' id='word_1_172' title='bbox 918 2549 975 2590; x_wconf 91' lang='grc' dir='ltr'><em>του</em></span> <span class='ocrx_word' id='word_1_173' title='bbox 963 2525 1205 2606; x_wconf 78' lang='grc' dir='ltr'><em>βουλομένου,</em></span> 
     </span>
     <span class='ocr_line' id='line_1_24' title="bbox 129 2616 1205 2710; baseline -0.002 -20"><span class='ocrx_word' id='word_1_174' title='bbox 129 2626 185 2690; x_wconf 84' lang='grc' dir='ltr'><em>καὶ</em></span> <span class='ocrx_word' id='word_1_175' title='bbox 215 2616 268 2690; x_wconf 77' lang='grc' dir='ltr'><em>ὅτι</em></span> <span class='ocrx_word' id='word_1_176' title='bbox 297 2617 369 2689; x_wconf 79' lang='grc' dir='ltr'><em>ούδ</em></span> <span class='ocrx_word' id='word_1_177' title='bbox 402 2622 479 2702; x_wconf 55' lang='grc' dir='ltr'><em>ἐξ(</em></span> <span class='ocrx_word' id='word_1_178' title='bbox 464 2622 537 2701; x_wconf 86' lang='grc' dir='ltr'><em>ενὸς</em></span> <span class='ocrx_word' id='word_1_179' title='bbox 567 2617 668 2689; x_wconf 78' lang='grc' dir='ltr'><em>ύίλλου</em></span> <span class='ocrx_word' id='word_1_180' title='bbox 700 2630 857 2710; x_wconf 83' lang='grc' dir='ltr'><em>φαίνεται</em></span> <span class='ocrx_word' id='word_1_181' title='bbox 879 2626 1029 2688; x_wconf 81' lang='grc' dir='ltr'><em>τεκοῦσα.</em></span> <span class='ocrx_word' id='word_1_182' title='bbox 1072 2616 1205 2707; x_wconf 78' lang='grc' dir='ltr'><em>Ἀναγί-</em></span> 
     </span>
    </p>
   </div>
   <div class='ocr_carea' id='block_1_8' title="bbox 128 2717 780 2863">
    <p class='ocr_par' dir='ltr' id='par_1_9' title="bbox 128 2717 780 2863">
     <span class='ocr_line' id='line_1_25' title="bbox 128 2717 398 2812; baseline 0 -21"><span class='ocrx_word' id='word_1_183' title='bbox 128 2747 253 2812; x_wconf 85' lang='grc' dir='ltr'><em>γνωσκε</em></span> <span class='ocrx_word' id='word_1_184' title='bbox 275 2717 398 2802; x_wconf 74' lang='grc' dir='ltr'><em>αὐτοῖς.</em></span> 
     </span>
     <span class='ocr_line' id='line_1_26' title="bbox 150 2810 780 2863; baseline -0.008 2"><span class='ocrx_word' id='word_1_185' title='bbox 150 2833 153 2840; x_wconf 92' lang='grc'><em>·</em></span> <span class='ocrx_word' id='word_1_186' title='bbox 552 2810 780 2863; x_wconf 81' lang='grc' dir='ltr'><strong>ΜΑΡΤΥΡΙΑΙ.</strong></span> 
     </span>
    </p>
   </div>
   <div class='ocr_carea' id='block_1_9' title="bbox 78 2880 1209 3593">
    <p class='ocr_par' dir='ltr' id='par_1_10' title="bbox 78 2880 1206 3089">
     <span class='ocr_line' id='line_1_27' title="bbox 78 2880 1206 3015; baseline -0.006 -49"><span class='ocrx_word' id='word_1_187' title='bbox 78 2911 114 2966; x_wconf 80' lang='grc'><em>16</em></span> <span class='ocrx_word' id='word_1_188' title='bbox 213 2891 268 2974; x_wconf 89' lang='grc' dir='ltr'><em>Ὡς</em></span> <span class='ocrx_word' id='word_1_189' title='bbox 288 2895 348 2980; x_wconf 76' lang='grc' dir='ltr'><em>μὲν</em></span> <span class='ocrx_word' id='word_1_190' title='bbox 370 2900 480 2963; x_wconf 89' lang='grc' dir='ltr'><em>τοίνυν</em></span> <span class='ocrx_word' id='word_1_191' title='bbox 502 2880 542 2984; x_wconf 85' lang='grc' dir='ltr'><em>ήν</em></span> <span class='ocrx_word' id='word_1_192' title='bbox 563 2891 714 2981; x_wconf 88' lang='grc' dir='ltr'><em>κοινή</em></span> <span class='ocrx_word' id='word_1_193' title='bbox 678 2917 723 2979; x_wconf 82' lang='grc' dir='ltr'><em>την</em></span> <span class='ocrx_word' id='word_1_194' title='bbox 712 2890 990 3014; x_wconf 53' lang='grc' dir='ltr'><em>ααβρυλομένηι,</em></span> <span class='ocrx_word' id='word_1_195' title='bbox 970 2919 1010 2981; x_wconf 78' lang='grc' dir='ltr'><em>ην</em></span> <span class='ocrx_word' id='word_1_196' title='bbox 1033 2917 1129 3015; x_wconf 82' lang='grc' dir='ltr'><em>υητος</em></span> <span class='ocrx_word' id='word_1_197' title='bbox 1153 2893 1206 2981; x_wconf 78' lang='grc' dir='ltr'><em>ἑγ-</em></span> 
     </span>
     <span class='ocr_line' id='line_1_28' title="bbox 129 2993 1204 3122; baseline -0.006 -55.768"><span class='ocrx_word' id='word_1_198' title='bbox 129 3004 250 3122; x_wconf 80' lang='grc' dir='ltr'><em>γυήσαι</em></span> <span class='ocrx_word' id='word_1_199' title='bbox 270 3025 316 3086; x_wconf 79' lang='grc' dir='ltr'><em>την</em></span> <span class='ocrx_word' id='word_1_200' title='bbox 345 2993 493 3086; x_wconf 79' lang='grc' dir='ltr'><em>ήμετέρην</em></span> <span class='ocrx_word' id='word_1_201' title='bbox 523 3002 583 3063; x_wconf 85' lang='grc' dir='ltr'><em>θεέ</em></span> <span class='ocrx_word' id='word_1_202' title='bbox 584 3023 610 3081; x_wconf 85' lang='grc' dir='ltr'>ῳ</span> <span class='ocrx_word' id='word_1_203' title='bbox 636 2993 879 3122; x_wconf 83' lang='grc' dir='ltr'><em>μεμαρτύρηκε,</em></span> <span class='ocrx_word' id='word_1_204' title='bbox 907 2993 1122 3083; x_wconf 89' lang='grc' dir='ltr'><em>μνημονεύειν</em></span> <span class='ocrx_word' id='word_1_205' title='bbox 1142 2995 1204 3085; x_wconf 83' lang='grc' dir='ltr'><em>χρή</em></span> 
     </span>
    </p>

    <p class='ocr_par' dir='ltr' id='par_1_11' title="bbox 130 3085 1209 3389">
     <span class='ocr_line' id='line_1_29' title="bbox 130 3085 1206 3189; baseline -0.003 -23"><span class='ocrx_word' id='word_1_206' title='bbox 130 3096 191 3189; x_wconf 75' lang='grc' dir='ltr'><em>ὑφ’</em></span> <span class='ocrx_word' id='word_1_207' title='bbox 217 3094 306 3168; x_wconf 76' lang='grc' dir='ltr'><em>ὅσιον</em></span> <span class='ocrx_word' id='word_1_208' title='bbox 329 3095 405 3184; x_wconf 86' lang='grc' dir='ltr'><em>ύμῖν</em></span> <span class='ocrx_word' id='word_1_209' title='bbox 427 3096 685 3186; x_wconf 89' lang='grc' dir='ltr'><em>μεμαρτύρηται,</em></span> <span class='ocrx_word' id='word_1_210' title='bbox 708 3098 764 3163; x_wconf 87' lang='grc' dir='ltr'><em>καὶ</em></span> <span class='ocrx_word' id='word_1_211' title='bbox 788 3088 841 3163; x_wconf 78' lang='grc' dir='ltr'><em>ὅτι</em></span> <span class='ocrx_word' id='word_1_212' title='bbox 855 3089 966 3164; x_wconf 82' lang='grc' dir='ltr'><em>ούύενὶ</em></span> <span class='ocrx_word' id='word_1_213' title='bbox 984 3085 1104 3184; x_wconf 51' lang='lat' dir='ltr'><em>ma?</em></span> <span class='ocrx_word' id='word_1_214' title='bbox 1091 3122 1206 3186; x_wconf 89' lang='grc' dir='ltr'><em>εγγυη-</em></span> 
     </span>
     <span class='ocr_line' id='line_1_30' title="bbox 131 3195 1209 3288; baseline -0.002 -22"><span class='ocrx_word' id='word_1_215' title='bbox 131 3207 234 3267; x_wconf 86' lang='grc' dir='ltr'><em>θεῖσα</em></span> <span class='ocrx_word' id='word_1_216' title='bbox 257 3195 333 3268; x_wconf 78' lang='grc' dir='ltr'><em>οὐδὲ</em></span> <span class='ocrx_word' id='word_1_217' title='bbox 356 3199 579 3288; x_wconf 91' lang='grc' dir='ltr'><em>συνοικήσασα</em></span> <span class='ocrx_word' id='word_1_218' title='bbox 602 3204 775 3286; x_wconf 86' lang='grc' dir='ltr'><em>φαίνεται</em></span> <span class='ocrx_word' id='word_1_219' title='bbox 802 3198 1070 3285; x_wconf 78' lang='grc' dir='ltr'><em>σκεψοίμεθαδέ</em></span> <span class='ocrx_word' id='word_1_220' title='bbox 1092 3201 1145 3265; x_wconf 81' lang='grc' dir='ltr'><em>καὶ</em></span> <span class='ocrx_word' id='word_1_221' title='bbox 1171 3199 1209 3278; x_wconf 74' lang='grc' dir='ltr'><em>ἐξ</em></span> 
     </span>
     <span class='ocr_line' id='line_1_31' title="bbox 131 3294 1205 3389; baseline 0 -22"><span class='ocrx_word' id='word_1_222' title='bbox 131 3294 177 3368; x_wconf 89' lang='grc' dir='ltr'><em>ῶν</em></span> <span class='ocrx_word' id='word_1_223' title='bbox 201 3296 241 3367; x_wconf 82' lang='grc' dir='ltr'><em>ύν</em></span> <span class='ocrx_word' id='word_1_224' title='bbox 263 3325 314 3379; x_wconf 92' lang='grc' dir='ltr'><em>τις</em></span> <span class='ocrx_word' id='word_1_225' title='bbox 329 3297 547 3389; x_wconf 90' lang='grc' dir='ltr'><em>ύπονυήσειεν</em></span> <span class='ocrx_word' id='word_1_226' title='bbox 563 3297 678 3388; x_wconf 76' lang='grc' dir='ltr'><em>ἐγγύην</em></span> <span class='ocrx_word' id='word_1_227' title='bbox 692 3304 852 3386; x_wconf 89' lang='grc' dir='ltr'><em>γενέσθαι</em></span> <span class='ocrx_word' id='word_1_228' title='bbox 867 3299 1023 3389; x_wconf 87' lang='grc' dir='ltr'><em>τοιαύτης</em></span> <span class='ocrx_word' id='word_1_229' title='bbox 1040 3301 1205 3387; x_wconf 86' lang='grc' dir='ltr'><em>γυναικός,</em></span> 
     </span>
    </p>

    <p class='ocr_par' dir='ltr' id='par_1_12' title="bbox 78 3396 1205 3593">
     <span class='ocr_line' id='line_1_32' title="bbox 78 3396 1204 3491; baseline -0.002 -21"><span class='ocrx_word' id='word_1_230' title='bbox 78 3423 110 3476; x_wconf 78' lang='grc'><em>17</em></span> <span class='ocrx_word' id='word_1_231' title='bbox 132 3401 162 3469; x_wconf 85' lang='grc' dir='ltr'><em>εί</em></span> <span class='ocrx_word' id='word_1_232' title='bbox 185 3397 250 3491; x_wconf 80' lang='grc' dir='ltr'><em>ύρα</em></span> <span class='ocrx_word' id='word_1_233' title='bbox 272 3406 327 3470; x_wconf 77' lang='grc' dir='ltr'><em>καί</em></span> <span class='ocrx_word' id='word_1_234' title='bbox 348 3407 396 3490; x_wconf 80' lang='grc' dir='ltr'><em>τῶ</em></span> <span class='ocrx_word' id='word_1_235' title='bbox 414 3398 562 3491; x_wconf 79' lang='grc' dir='ltr'><em>ἡμετέρην</em></span> <span class='ocrx_word' id='word_1_236' title='bbox 578 3405 666 3488; x_wconf 79' lang='grc' dir='ltr'><em>θείην</em></span> <span class='ocrx_word' id='word_1_237' title='bbox 681 3400 833 3469; x_wconf 80' lang='grc' dir='ltr'><em>τοιοῦτόν</em></span> <span class='ocrx_word' id='word_1_238' title='bbox 847 3428 880 3468; x_wconf 88' lang='grc' dir='ltr'><em>τι</em></span> <span class='ocrx_word' id='word_1_239' title='bbox 897 3407 1107 3491; x_wconf 75' lang='grc' dir='ltr'><em>συμβέβηκεν.</em></span> <span class='ocrx_word' id='word_1_240' title='bbox 1141 3396 1204 3491; x_wconf 82' lang='grc' dir='ltr'><em>ήδη</em></span> 
     </span>
     <span class='ocr_line' id='line_1_33' title="bbox 129 3501 1205 3593; baseline 0.001 -23"><span class='ocrx_word' id='word_1_241' title='bbox 129 3504 191 3592; x_wconf 81' lang='grc' dir='ltr'><em>γάρ</em></span> <span class='ocrx_word' id='word_1_242' title='bbox 213 3530 301 3585; x_wconf 88' lang='grc' dir='ltr'><em>τινες</em></span> <span class='ocrx_word' id='word_1_243' title='bbox 322 3510 392 3573; x_wconf 89' lang='grc' dir='ltr'><em>νέοι</em></span> <span class='ocrx_word' id='word_1_244' title='bbox 415 3501 596 3592; x_wconf 72' lang='grc' dir='ltr'><em>ἅνθρωποι</em></span> <span class='ocrx_word' id='word_1_245' title='bbox 618 3501 889 3593; x_wconf 79' lang='grc' dir='ltr'><em>ἐπιθυμήσαντες</em></span> <span class='ocrx_word' id='word_1_246' title='bbox 911 3503 1070 3573; x_wconf 84' lang='grc' dir='ltr'><em>τοιούτων</em></span> <span class='ocrx_word' id='word_1_247' title='bbox 1091 3528 1205 3589; x_wconf 91' lang='grc' dir='ltr'><em>γυναι-</em></span> 
     </span>
    </p>
   </div>
   <div class='ocr_carea' id='block_1_10' title="bbox 129 3723 1207 4054">
    <p class='ocr_par' dir='ltr' id='par_1_13' title="bbox 129 3723 1207 4054">
     <span class='ocr_line' id='line_1_34' title="bbox 218 3723 1205 3799; baseline -0.002 -19"><span class='ocrx_word' id='word_1_248' title='bbox 218 3732 231 3780; x_wconf 76' lang='grc' dir='ltr'><strong><em>Ἱ</em></strong></span> <span class='ocrx_word' id='word_1_249' title='bbox 250 3731 413 3799; x_wconf 70' lang='grc' dir='ltr'><em>γεγενημένη</em></span> <span class='ocrx_word' id='word_1_250' title='bbox 447 3743 494 3794; x_wconf 72' lang='lat' dir='ltr'><em>pn,</em></span> <span class='ocrx_word' id='word_1_251' title='bbox 511 3747 529 3779; x_wconf 88' lang='grc' dir='ltr'><em>ν</em></span> <span class='ocrx_word' id='word_1_252' title='bbox 546 3732 607 3793; x_wconf 77' lang='lat' dir='ltr'><strong>post</strong></span> <span class='ocrx_word' id='word_1_253' title='bbox 623 3745 702 3799; x_wconf 85' lang='grc' dir='ltr'><em>γεγεν</em></span> <span class='ocrx_word' id='word_1_254' title='bbox 720 3743 741 3782; x_wconf 81' lang='lat' dir='ltr'><em>s.</em></span> <span class='ocrx_word' id='word_1_255' title='bbox 752 3731 803 3780; x_wconf 84' lang='lat' dir='ltr'><em>v.2</em></span> <span class='ocrx_word' id='word_1_256' title='bbox 822 3757 855 3767; x_wconf 95' lang='lat'><em>-</em></span> <span class='ocrx_word' id='word_1_257' title='bbox 880 3732 895 3782; x_wconf 88' lang='lat'>8</span> <span class='ocrx_word' id='word_1_258' title='bbox 914 3723 1056 3796; x_wconf 75' lang='grc' dir='ltr'><em>ῖπίβαίίεε</em></span> <span class='ocrx_word' id='word_1_259' title='bbox 1075 3743 1124 3778; x_wconf 83' lang='lat' dir='ltr'><em>em.</em></span> <span class='ocrx_word' id='word_1_260' title='bbox 1144 3725 1205 3779; x_wconf 80' lang='lat' dir='ltr'><strong>Sca·</strong></span> 
     </span>
     <span class='ocr_line' id='line_1_35' title="bbox 130 3806 1207 3882; baseline -0.002 -18"><span class='ocrx_word' id='word_1_261' title='bbox 130 3812 195 3879; x_wconf 73' lang='lat' dir='ltr'>liger</span> <span class='ocrx_word' id='word_1_262' title='bbox 212 3841 246 3851; x_wconf 92' lang='lat'>-</span> <span class='ocrx_word' id='word_1_263' title='bbox 264 3817 280 3866; x_wconf 86' lang='grc'>9</span> <span class='ocrx_word' id='word_1_264' title='bbox 299 3813 337 3866; x_wconf 76' lang='lat' dir='ltr'><strong>tit.</strong></span> <span class='ocrx_word' id='word_1_265' title='bbox 353 3816 502 3882; x_wconf 71' lang='grc' dir='ltr'><em>μαρτυρίαι</em></span> <span class='ocrx_word' id='word_1_266' title='bbox 521 3828 571 3868; x_wconf 88' lang='lat' dir='ltr'><em>em.</em></span> <span class='ocrx_word' id='word_1_267' title='bbox 590 3812 652 3867; x_wconf 84' lang='lat' dir='ltr'><strong>Rsk.</strong></span> <span class='ocrx_word' id='word_1_268' title='bbox 703 3810 746 3867; x_wconf 82' lang='lat'><em>18.</em></span> <span class='ocrx_word' id='word_1_269' title='bbox 766 3816 780 3865; x_wconf 84' lang='lat'><strong>2</strong></span> <span class='ocrx_word' id='word_1_270' title='bbox 798 3806 896 3868; x_wconf 69' lang='grc' dir='ltr'><em>οὔταε</em></span> <span class='ocrx_word' id='word_1_271' title='bbox 913 3829 959 3880; x_wconf 73' lang='grc' dir='ltr'><em>με,</em></span> <span class='ocrx_word' id='word_1_272' title='bbox 978 3828 1042 3865; x_wconf 83' lang='lat' dir='ltr'>corr.</span> <span class='ocrx_word' id='word_1_273' title='bbox 1060 3815 1075 3864; x_wconf 77' lang='lat'><strong>2</strong></span> <span class='ocrx_word' id='word_1_274' title='bbox 1094 3841 1127 3850; x_wconf 92' lang='lat'>-</span> <span class='ocrx_word' id='word_1_275' title='bbox 1144 3815 1161 3864; x_wconf 83' lang='lat'>4</span> <span class='ocrx_word' id='word_1_276' title='bbox 1179 3811 1207 3862; x_wconf 82' lang='grc' dir='ltr'><em>οἳ</em></span> 
     </span>
     <span class='ocr_line' id='line_1_36' title="bbox 131 3889 1207 3970; baseline -0.001 -20"><span class='ocrx_word' id='word_1_277' title='bbox 131 3912 194 3951; x_wconf 80' lang='lat' dir='ltr'>corr.</span> <span class='ocrx_word' id='word_1_278' title='bbox 207 3900 228 3961; x_wconf 85' lang='lat'><em>1,</em></span> <span class='ocrx_word' id='word_1_279' title='bbox 248 3889 272 3949; x_wconf 78' lang='grc'><em>.“.</em></span> <span class='ocrx_word' id='word_1_280' title='bbox 289 3914 327 3965; x_wconf 85' lang='lat' dir='ltr'><em>pr.</em></span> <span class='ocrx_word' id='word_1_281' title='bbox 396 3897 438 3952; x_wconf 77' lang='lat'><em>14.</em></span> <span class='ocrx_word' id='word_1_282' title='bbox 457 3902 521 3966; x_wconf 83' lang='lat' dir='ltr'>5sq.</span> <span class='ocrx_word' id='word_1_283' title='bbox 540 3898 599 3951; x_wconf 82' lang='grc' dir='ltr'><em>τῶν</em></span> <span class='ocrx_word' id='word_1_284' title='bbox 610 3917 641 3970; x_wconf 89' lang='grc' dir='ltr'><em>γε</em></span> <span class='ocrx_word' id='word_1_285' title='bbox 651 3895 899 3968; x_wconf 76' lang='grc' dir='ltr'><em>μεμαρτυρηκότων</em></span> <span class='ocrx_word' id='word_1_286' title='bbox 912 3891 1004 3949; x_wconf 74' lang='grc' dir='ltr'><em>οὐδενὶ</em></span> <span class='ocrx_word' id='word_1_287' title='bbox 1022 3896 1090 3961; x_wconf 65' lang='lat' dir='ltr'><em>Dbr„</em></span> <span class='ocrx_word' id='word_1_288' title='bbox 1108 3897 1137 3949; x_wconf 83' lang='lat' dir='ltr'><em>st.</em></span> <span class='ocrx_word' id='word_1_289' title='bbox 1150 3901 1207 3949; x_wconf 76' lang='grc' dir='ltr'><em>τοῖο</em></span> 
     </span>
     <span class='ocr_line' id='line_1_37' title="bbox 129 3976 1005 4054; baseline 0.001 -20"><span class='ocrx_word' id='word_1_290' title='bbox 129 4001 160 4054; x_wconf 86' lang='grc' dir='ltr'><em>γε</em></span> <span class='ocrx_word' id='word_1_291' title='bbox 176 3977 410 4054; x_wconf 76' lang='grc' dir='ltr'><em>μεμαρτυρηκόσιν</em></span> <span class='ocrx_word' id='word_1_292' title='bbox 427 3976 488 4034; x_wconf 72' lang='grc' dir='ltr'><em>οὐδ’</em></span> <span class='ocrx_word' id='word_1_293' title='bbox 559 3982 602 4039; x_wconf 77' lang='lat'><em>15.</em></span> <span class='ocrx_word' id='word_1_294' title='bbox 622 3987 637 4036; x_wconf 78' lang='lat'><strong>5</strong></span> <span class='ocrx_word' id='word_1_295' title='bbox 656 3983 694 4036; x_wconf 57' lang='lat' dir='ltr'><em>tit„</em></span> <span class='ocrx_word' id='word_1_296' title='bbox 711 3985 861 4053; x_wconf 72' lang='grc' dir='ltr'><em>μαρτυρίαι</em></span> <span class='ocrx_word' id='word_1_297' title='bbox 880 3997 928 4034; x_wconf 83' lang='lat' dir='ltr'><em>em.</em></span> <span class='ocrx_word' id='word_1_298' title='bbox 947 3980 1005 4035; x_wconf 70' lang='lat' dir='ltr'><em>Md.</em></span> 
     </span>
    </p>
   </div>
   <div class='ocr_carea' id='block_1_11' title="bbox 0 0 1295 4476">
    <p class='ocr_par' dir='ltr' id='par_1_14' title="bbox 0 0 1295 4476">
     <span class='ocr_line' id='line_1_38' title="bbox 0 0 1295 4476; baseline 0 0"><span class='ocrx_word' id='word_1_299' title='bbox 0 0 1295 4476; x_wconf 95' lang='lat' dir='ltr'><em> </em></span> 
     </span>
    </p>
   </div>
  </div>
 </body>
</html>
