2572 4476
127 245 147 304 2
550 249 656 303 ΓΕΝΟΣ
673 251 788 304 umor.

128 416 215 484 πολὺ
238 415 275 484 τδ
301 410 423 506 ἀφελές
439 419 497 485 καὶ
517 416 555 484 τὸ
579 411 711 506 ἠθικόν,
733 422 788 485 καὶ
811 415 830 507 ἡ
851 418 947 507 χάρις
962 420 1109 510 μεγάλη,
1134 418 1154 510 ᾗ
1178 421 1206 486 δὲ

123 512 247 586 Ἰσαίου
270 523 484 608 τεχνικωτέρα
507 519 633 598 δόξειεν
656 509 696 587 δν
722 516 885 589 εἶναικαὶ
908 515 1138 610 ἀκριβεστέρα
1160 525 1208 588 καὶ

130 633 371 706 σχηματισμοῖς
387 621 599 712 διειλημμένη
618 623 802 699 ποικίλοις·
827 615 907 690 ὅσον
923 624 959 689 δέ
976 617 1210 691 ἀπολείπεται

76 735 106 786 νο
127 724 197 808 (τῆς
209 719 367 821 χάριτος),
383 727 543 790 τοσοῦτον
557 718 711 809 ὑπερέχει
725 721 809 788 κατὰ
824 723 884 812 τὴν
900 724 1095 814 δεινότητα.
1133 723 1210 793 κατὰ

127 824 188 907 μὲν
211 821 269 890 οὖν
290 823 350 910 τὴν
373 824 461 903 λέξιν
477 819 657 910 εὑρήσομεν
677 823 835 912 τοιαύτην
858 825 1039 913 διαφοράν,
1064 826 1160 893 κατὰ
1184 827 1212 892 δὲ

128 923 170 990 τά
200 924 381 1011 πράγματα
410 925 548 1011 ταύτην,
578 917 631 990 δτι
653 923 747 1011 παρὰ
769 932 888 1013 Λυσίᾳ
916 927 976 1010 μέν
1007 921 1049 993 οὐ
1082 927 1213 1014 πολλὴν

127 1025 187 1114 τὴν
208 1031 323 1117 τέχνην
352 1025 532 1114 εὑρήσομεν
554 1020 630 1092 οὔτε
652 1025 686 1093 ἒν
707 1039 779 1104 τοῖς
807 1041 983 1115 μερισμοῖς
1006 1033 1079 1095 τῶν
1106 1054 1214 1118 πραχ-

127 1127 243 1212 μάτων
277 1124 353 1194 οὔτε
388 1126 422 1194 έν
453 1130 495 1213 τῇ
528 1125 620 1204 τάξει
652 1131 718 1193 τιῦν
748 1126 991 1216 ἐνθυμημάτων
1000 1181 1009 1210 ,
1048 1132 1155 1219 παρὰ
1185 1131 1214 1196 δὲ

75 1248 105 1299 σθ
124 1221 235 1315 Ἰσαίῳ
264 1226 371 1315 ντολλη
394 1230 454 1315 τῆς
482 1231 595 1315 τέχνης
615 1224 635 1315 ἡ
660 1222 822 1315 ἀκρίβεια.
866 1229 1007 1315 καὶγὰρ
1037 1258 1216 1319 προκατα-

129 1343 261 1408 σκευαῖς
285 1332 406 1416 χρῆται
433 1331 488 1394 καὶ
516 1344 693 1417 μερισμοῖς
721 1334 1007 1418 (τεχνικωτέροις),
1039 1337 1101 1401 καὶ
1131 1334 1217 1421 πρὸς

127 1432 187 1517 μέν
202 1429 260 1497 τὸν
276 1423 443 1496 ἀντίδικον
465 1429 753 1520 διαπονηρεύεται,
776 1429 854 1509 τοὺς
869 1432 904 1499 δὲ
920 1432 1089 1512 δικαστὰς
1114 1461 1218 1501 κατα-

128 1542 314 1621 στρατηγεῖ.
358 1529 465 1609 ιτοίδς
495 1524 526 1597 δ’
553 1531 642 1599 ἐστὶν
665 1531 699 1599 έν
721 1535 770 1618 τῷ
800 1532 956 1618 δικανικῷ
962 1585 971 1614 ,
1002 1537 1065 1601 καὶ
1097 1533 1219 1618 σχεδδν

126 1633 230 1719 μόνον
252 1634 349 1697 τοῦτο
371 1627 522 1722 ἤσκησεν.
568 1626 682 1718 ἆμέίει
704 1636 783 1720 γοῦν
806 1631 895 1720 πηγή
918 1658 971 1711 τις
985 1638 1049 1723 τῆς
1063 1638 1126 1702 τοῦ
1141 1640 1217 1721 Δη-

76 1754 105 1806 35
126 1739 316 1820 μοσθένους
346 1731 492 1802 ἐκαλεῖτο
522 1734 720 1824 δεινότητος.
773 1726 854 1821 αδτη
884 1733 920 1799 δέ
948 1721 1033 1824 ἦνῆ
1061 1731 1219 1823 διαφορὰ

127 1843 262 1906 Λυσίου
284 1836 340 1901 καὶ
357 1827 490 1917 Ἰσαίου,
513 1828 599 1901 ὥστε
620 1842 757 1912 Λυσίας
777 1835 839 1919 μέν
863 1835 946 1920 (καὶ)
972 1833 1065 1925 ὑπὲρ
1091 1831 1221 1904 άδίκων

128 1937 398 2035 ἐἰιειθεῃίέχων,
425 1929 545 2013 Ἰσαῖος
575 1935 611 2000 δέ
638 1938 693 2003 καὶ
723 1931 808 2022 ὑπὲρ
839 1927 979 2021 ἇχαθιῦν
1010 1941 1124 2025 λέγων
1155 1931 1221 2005 διτ-

127 2063 233 2117 οιττος
253 2064 304 2104 νν.

214 2227 247 2279 23
265 2217 301 2276 ἂν
318 2224 403 2276 om.A
420 2252 454 2262 -
473 2226 505 2277 24
524 2219 554 2274 δὲ
571 2221 667 2275 Baiter:
692 2215 989 2292 γὰρ-ὑποίείιιεταιε
1016 2239 1069 2278 em.
1092 2225 1174 2278 Turr.
1192 2253 1224 2265 -
1256 2252 1257 2305 η

126 2315 158 2366 25
172 2311 219 2377 τῆς
230 2306 338 2378 χάριτος
349 2307 407 2362 add.
419 2307 492 2360 Turr.
504 2336 538 2347 —
552 2309 584 2360 26
602 2300 708 2371 ταύτην
720 2301 870 2376 εὑρήσομεν
882 2300 1053 2375 διαφοράνο
1069 2340 1106 2349 -
1124 2314 1160 2363 27
1174 2311 1225 2376 μὲν

125 2395 211 2456 οια.Ο
230 2423 262 2434 -
282 2396 311 2446 31
332 2395 535 2460 τεχνικωτέροις
552 2390 610 2444 αδδ.
622 2390 694 2443 Turr.
713 2419 747 2430 -
765 2395 797 2445 35
816 2385 858 2441 δὲε
876 2384 961 2460 γὰρΑ
981 2419 1016 2430 --
1036 2395 1074 2446 36
1094 2397 1146 2446 καὶ
1166 2393 1224 2446 add.

125 2480 197 2535 Turr.
