2572 4476
388 1017 566 1100 ΓΕΝΟΣ
594 1016 795 1099 ΙΣΑΙΟΥ.

519 1195 669 1206 ——-

138 1319 297 1402 Ἰσαῖοςδ
328 1323 436 1413 ῥήτωρ
466 1324 592 1411 ἐγένετο
620 1323 704 1391 κατὰ
733 1329 794 1408 μέν
821 1349 915 1404 τινας
932 1317 1130 1414 Ἀθηναῖος,

52 1426 138 1494 κατὰ
162 1428 198 1493 δέ
219 1450 313 1504 τινας
336 1425 538 1507 Χαλκιδεύς,
561 1423 692 1506 πατρὸς
716 1425 752 1492 δὲ
773 1425 954 1513 Διαγόρου,
976 1424 1133 1513 μαθητὴς

54 1531 91 1595 δὲ
105 1523 315 1615 Ἰσοκράτους
336 1531 395 1594 τοῦ
419 1527 567 1615 ῥήτορος,
591 1525 793 1603 διδάσκαλος
815 1526 851 1592 δὲ
873 1531 1132 1615 Δημοσθένους·

53 1626 185 1716 ἤκμασε
208 1629 244 1693 δὲ
266 1628 351 1711 μετὰ
376 1626 433 1693 τὸν
455 1623 774 1715 Πελοποννησιακὸν
804 1625 968 1710 πόλεμον,
995 1628 1049 1693 καὶ
1073 1624 1134 1694 ἔτι·

59 1735 141 1814 εβίιο
164 1733 259 1815 μέχρι
280 1731 340 1815 τῆς
365 1730 544 1796 Φιλίππου
573 1720 690 1814 ἀρχῆς,
722 1719 768 1806 ὥς
795 1750 880 1818 φησι
908 1721 1089 1806 Διονύσιος
1117 1724 1165 1796 55

52 1827 310 1918 Ἁλικαρνασεὺς
332 1825 350 1896 δ
373 1827 528 1918 κριτικός.
573 1831 704 1916 λέγεται
734 1829 770 1895 δὲ
797 1829 969 1919 μειράκιον
997 1830 1058 1914 μὲν
1087 1819 1134 1897 σόν
1164 1856 1166 1861 ·

54 1930 193 2022 ἡδοναῖς
215 1931 386 2015 σχολάζειν
406 1935 463 1999 καί
485 1930 622 2013 πότοις,
647 1934 704 2000 καὶ
727 1933 851 2019 λεπτῆς
872 1929 1017 2020 ἐσθῆτος
1040 1925 1134 2000 ἆντι-

57 2039 239 2102 ποιεῖσθαι
259 2035 315 2100 καὶ
338 2035 480 2116 συνεχῶς
503 2031 590 2120 ἐρᾶν,
615 2026 698 2121 ἀνὴρ
721 2033 757 2100 δὲ
778 2032 953 2120 γενόμενος
973 2037 1134 2101 τοσοῦτον

57 2137 337 2224 μεταβεβληκέναι
358 2132 418 2221 τὴν
440 2135 617 2201 πολιτείαν
635 2127 725 2201 ὥσθ’
752 2134 864 2220 ἕτερον
887 2134 924 2214 ἐξ
944 2135 1056 2223 ἑτέρου
1080 2136 1134 2202 δο-

58 2252 136 2304 κεῖν.
172 2232 311 2324 Ἄρδυος
338 2238 416 2321 χοῦν
445 2234 674 2323 ἐρωτήσαντος
701 2228 801 2302 αὐτόν
831 2235 861 2301 εἰ
887 2232 908 2322 ἡ
933 2236 1026 2302 δεῖνα
1053 2234 1134 2323 καλὴ
1158 2250 1187 2302 11

61 2333 152 2423 αὐτῷ
176 2343 344 2425 φαίνεται,
372 2337 503 2422 λέγεται
525 2329 738 2419 εἰπεῖν-,οὐκ
759 2332 853 2403 οίδα·
880 2335 960 2414 τοὺς
980 2335 1043 2425 γὰρ
1065 2362 1136 2405 τοι·

61 2438 178 2516 οότους
212 2431 390 2526 ἀφῃρέθην
423 2430 654 2526 όφθαλμοός.”
710 2442 816 2505 ταῦτα
844 2439 881 2505 δέ
911 2462 996 2530 φησι
1032 2440 1136 2509 Φιλό-

61 2563 203 2624 στρατος
231 2537 265 2605 ἒν
293 2553 365 2618 τοῖς
391 2545 481 2625 βίοις
508 2543 575 2606 τῶν
606 2544 793 2630 σοφιστῶν,
828 2535 865 2608 οὗ
893 2542 1031 2622 πάντως
1057 2545 1137 2631 περὶ

59 2640 178 2707 τούτου
208 2642 310 2727 λέγων
328 2635 468 2709 Ἰσαίου·
498 2635 614 2726 ἀμέλει
641 2646 720 2729 γοῦν
748 2646 804 2709 καὶ
825 2637 1007 2728 Ἀσσύριον
1036 2637 1137 2711 αὐτόν

60 2744 162 2809 καλεῖ.
209 2737 332 2830 ἄδηλος
363 2744 399 2809 δὲ
422 2739 439 2809 ὁ
466 2736 604 2831 ἀκριβὴς
632 2746 691 2809 τοῦ
713 2744 866 2811 θανάτου
890 2739 992 2811 αὒτοῦ
1011 2744 1138 2831 χρόνος.
1162 2757 1189 2808 15

58 2847 251 2930 χαρακτῆρα
275 2843 310 2907 δὲ
333 2841 391 2908 τὸν
413 2848 548 2908 Λυσίου
571 2840 660 2908 πάνυ
685 2836 828 2929 ἀκριβῶς
851 2843 1028 2929 ἐζήλωσεν,
1052 2837 1139 2911 ὥστε

61 2945 147 3033 μηδὲ
176 2943 292 3032 ῥᾴδιον
322 2938 409 3009 εἶναι
438 2941 559 3008 διελεῖν
588 2939 666 3018 τοὺς
696 2940 822 3027 λόχους.
867 2942 939 3011 ἔστι
966 2944 1002 3010 δὲ
1025 2938 1139 3025 αὐτοῖς

61 3043 81 3134 ἡ
105 3050 264 3112 κοινωνία
285 3042 370 3109 κατά
393 3066 429 3109 τε
451 3040 510 3131 τὴν
533 3041 621 3120 λέξιν
648 3042 769 3110 καὶτὰ
792 3042 1025 3134 ἐνθυμήματα,
1054 3045 1139 3113 κατὰ

61 3150 123 3232 μὲν
150 3145 210 3235 τὴν
239 3145 326 3224 λέξιν
356 3137 409 3212 ότι
430 3140 450 3230 ἡ
474 3145 534 3229 μὲν
556 3151 690 3211 Λυσίου
714 3143 787 3213 ἐστὶ
807 3145 944 3234 καθαρὰ
967 3151 1023 3216 καί
1045 3140 1138 3236 ἄκρι-

62 3247 125 3335 βὴς
146 3250 200 3314 καὶ
231 3244 344 3336 σαφὴς
371 3249 428 3313 καί
456 3252 554 3333 κυρία
581 3249 638 3314 καὶ
667 3245 846 3333 σύντομος,
876 3248 963 3318 ἔοικε
995 3251 1031 3318 δὲ
1052 3250 1137 3319 κατὰ
1161 3266 1190 3317 10

63 3353 169 3416 ταῦτα
191 3348 303 3416 πάντα
325 3343 345 3435 ἡ
365 3339 488 3416 Ἰσαίου
513 3347 640 3432 σχεδόν.
685 3350 839 3439 διαφέρει
861 3352 897 3418 δὲ
919 3345 972 3421 ότι
993 3356 1046 3439 (τῇ
1067 3353 1138 3435 μὲν)

159 3541 175 3589 4
198 3533 268 3603 μετὰ
289 3535 373 3588 Turn:
397 3532 467 3588 κατὰ
490 3565 524 3575 -
547 3535 795 3606 πιλοπολνησιακδν
816 3541 839 3592 A
860 3569 894 3580 -
917 3535 1026 3606 ἆπεβίοι
1049 3540 1071 3591 Α
1093 3556 1140 3607 με,

65 3637 129 3675 corr.
150 3626 161 3673 1
182 3650 216 3660 -
239 3625 253 3673 9
271 3616 323 3686 τὴν
345 3624 469 3686 βιοτιίοιν
487 3619 599 3688 Spengel
615 3652 650 3661 —
667 3615 738 3677 ὥστ’
759 3626 781 3676 A
799 3641 845 3692 pr„
869 3641 932 3677 corr.
953 3627 965 3677 1
988 3651 1020 3661 -
1050 3626 1078 3676 10
1096 3617 1141 3693 ἆρ-

65 3702 126 3757 δυον
137 3705 196 3761 Ald.
208 3708 234 3758 et
252 3705 422 3758 Philostratus
439 3705 487 3757 vit.
505 3705 579 3773 soph.
597 3711 619 3772 1,
629 3709 674 3760 2οε
693 3703 782 3760 λιδόοε
794 3708 826 3773 Α,
842 3701 968 3767 λυδόοεῡ
988 3736 1022 3745 -
1042 3709 1071 3761 13
1085 3710 1141 3759 τοῖν

64 3794 135 3856 βίοιο
152 3789 222 3843 Ald.:
246 3789 288 3842 τόν
312 3793 367 3856 βίον
385 3788 415 3854 Q,
434 3830 440 3844 .
460 3830 467 3845 .
485 3829 492 3844 .
509 3793 564 3856 βίον
583 3791 605 3842 A
623 3808 670 3859 pr„
693 3793 735 3843 τῶ
758 3792 785 3844 in
808 3805 857 3844 ras.
878 3794 890 3843 l
914 3820 949 3829 -
974 3795 1004 3846 16
1022 3785 1143 3862 ἀκριβῶς

66 3889 117 3926 om.
135 3875 208 3925 A-
228 3877 258 3927 18
276 3874 433 3926 κοινωνίΑ
451 3889 497 3940 pr„
516 3879 605 3926 comt
627 3904 659 3913 -
679 3879 710 3929 19
727 3876 779 3941 μὲν
797 3870 883 3939 ροοῑῆ
897 3876 982 3927 om.A
1003 3905 1036 3913 -
1055 3878 1085 3926 11
1107 3876 1141 3944 τῇ

64 3959 118 4024 μὲν
135 3957 194 4013 εδδ.
206 3958 278 4012 Turr.
1115 3974 1183 4074 ff&

118 4051 200 4093 lmus.
942 4044 955 4094 1
