2572 4476
86 224 107 265 ‚-
118 211 152 255 u.
405 195 483 250 ΠΕΡΙ
499 196 564 251 ΤΟΥ
580 197 698 252 Amor
715 199 853 254 ΚΛΗΡΟΥ.
1105 197 1164 259 127

85 367 140 434 καλ
165 357 268 442 ὅπως
289 362 333 453 μὴ
359 363 463 432 ἐκεῖνο
486 364 581 453 έρεῖς,
604 359 657 434 ότι
680 366 759 453 έμδς
782 361 993 458 ἀδελφιδοῦς.
1045 361 1091 436 σθ’
1104 368 1167 456 γάρ

84 469 252 556 περὶτοῦ
281 464 362 550 ἐμοῦ
389 466 508 555 κλήρου
538 471 594 535 νῦν
617 464 634 535 ὁ
660 468 757 556 λόγος
778 469 865 539 ἐστί·
897 469 941 551 ζῶ
961 469 1035 557 γάρ.
1080 471 1110 538 εί
1132 465 1163 538 δ’

80 557 120 659 ἦν
151 565 267 645 άπαις
294 567 356 655 όγώ
388 569 625 659 τετελευτηκώς
653 574 708 638 καί
737 565 946 663 ἠμφεσβήτει
973 577 1039 640 ταῖν
1069 572 1166 658 ίμών,

78 674 183 739 τοῦτο
224 660 267 737 ἀν
293 675 459 760 προσῆκεν
489 665 743 760 ἀποκρίνασθαι
778 673 990 764 ἐρωτωμένῳ.
1046 677 1101 741 νῦν
1132 675 1167 742 δὲ

79 770 149 862 φης
170 774 245 838 τῶν
264 767 397 859 Ἁγνίου
417 772 595 862 χρημάτων
616 773 654 841 τό
678 770 872 863 ἡμικλήρισν
895 771 982 842 είναι
1003 779 1062 842 τοῦ
1084 800 1167 843 παι·

79 874 155 952 δός·
180 873 240 941 δεῖ
261 873 300 962 δή
323 895 363 941 σε
383 878 443 962 τῆς
465 869 663 962 ἀγχιστείας,
688 868 707 942 ό
729 901 762 943 τι
785 872 802 943 ὁ
826 889 909 954 παῖς
923 871 1038 965 Ἁγνίᾳ
1059 899 1167 964 προσ-

77 975 162 1064 ήκει,
187 973 231 1042 τδ
255 979 349 1062 γένυς
372 975 490 1044 εἰπεῖν.
536 977 666 1065 φράσον
690 964 747 1044 οὖν
768 984 928 1045 τουτοισί.

166 1074 404 1144 Αίσθάνεσθε
426 1070 478 1145 ότι
495 1071 552 1145 οάκ
574 1078 641 1162 έχει
662 1077 722 1168 τὴν
740 1083 928 1166 συγγένειαν
944 1079 1061 1162 εἰπεῖν,
1086 1073 1159 1146 ἀλλ’
1181 1098 1196 1154 κ

79 1173 309 1266 ἀποκρίνεται
330 1177 443 1245 πάντα
464 1181 591 1264 μάλλον
612 1171 634 1268 ἢ
656 1179 674 1247 ὃ
698 1181 749 1248 δεῖ
769 1187 895 1266 μαθεῖν
917 1177 1012 1267 ὑμᾶς.
1056 1189 1167 1252 καίτοι

77 1282 137 1350 τόν
164 1305 209 1369 γε
237 1279 430 1368 πράττοντά
459 1306 493 1348 τι
516 1281 644 1348 δίκαιον
667 1276 704 1348 οὗ
734 1287 900 1371 προσῆκεν
923 1276 1064 1369 ἀπορεῖν
1087 1278 1162 1352 ἀλλ’

79 1377 189 1462 εάθάς
214 1383 331 1468 λέγειν,
354 1380 476 1470 καὶμὴ
498 1382 601 1467 μόνον
623 1386 722 1450 τοῦτο
747 1399 868 1466 ποιεῖν,
900 1379 984 1452 ἀλλὰ
1011 1389 1066 1454 καί
1093 1387 1165 1454 διό·

79 1489 240 1570 μνυσθαι
263 1485 393 1550 καὶτοῦ
413 1487 527 1570 γένους
541 1489 753 1572 παρέχεσθαι
767 1484 946 1573 μάρτυρας,
968 1487 1024 1553 ἵνα
1038 1488 1165 1570 μᾶλλον

79 1578 145 1675 [ἀν]
170 1584 373 1654 ἐπιστεύετο
395 1579 457 1674 ἀφ’
482 1581 584 1670 ὑμῶν.
629 1589 685 1653 νῦν
708 1579 741 1652 δ’
767 1580 823 1675 ἐφ’
850 1586 900 1664 οῖς
923 1579 1104 1675 ἀπόκρισιν
1126 1581 1164 1655 οὗ

79 1689 239 1771 δέδωκεν,
270 1679 309 1754 οὗ
337 1685 506 1775 μάρτυρας
537 1693 731 1776 παρέσχετο,
763 1681 819 1771 οὐχ
842 1680 939 1775 όρκυν
962 1682 1102 1772 ἀν’μοσεν,
1127 1682 1163 1755 οό

80 1790 187 1877 νόμον
207 1789 213 1874 Ι
234 1782 423 1874 ἀνέγνωκεν,
453 1789 559 1857 σ’ίεται
591 1790 659 1857 δεῖν
686 1787 786 1875 ὑμᾶς,
814 1783 1031 1875 ὀμωμοκότας
1053 1800 1164 1878 ψηφι-

80 1898 206 1960 εῖσθαι
227 1887 313 1958 κατὰ
336 1889 415 1969 τοὺς
437 1890 568 1977 νόμους,
593 1885 681 1979 αότηῖ
705 1897 931 1977 πειθομένους
960 1889 1041 1977 ἐμοῦ
1062 1917 1163 1960 κατα-

80 1998 210 2080 γνῶναι
231 1989 354 2079 ταότην
376 1990 436 2081 τὴν
459 1992 665 2080 εἰσαγγελίαν
688 1994 781 2080 παρά
803 1993 882 2073 τούς
911 1993 1046 2079 νόμους·
1077 1987 1162 2063 υότω

81 2096 237 2179 σχέτλιος
270 2095 327 2159 καὶ
356 2087 494 2180 ἀναιδὴς
522 2089 707 2184 ἀνθρωπός
740 2095 839 2164 ἐστιν.
896 2090 974 2162 ἀλλ>
1006 2092 1064 2163 οάκ
1096 2096 1194 2184 έγώῖ

82 2195 222 2286 ποιήσω
244 2193 371 2262 τούτων
394 2189 498 2276 οὐδέν,
523 2190 606 2263 ἀλλά
629 2199 684 2263 καὶ
706 2195 743 2263 τὸ
767 2202 859 2282 γένος
882 2195 947 2284 ἒριῦ
962 2191 1085 2281 τούμόν
1107 2200 1161 2264 καλ

81 2290 167 2365 ὅθεν
191 2321 251 2381 μοι
274 2296 435 2385 προσήκει
457 2301 515 2384 τῆς
536 2299 770 2385 κληρονομίας,
797 2295 932 2366 καὶτὸν
955 2298 1063 2365 παῖδα
1086 2296 1162 2364 ἐπι-

82 2399 185 2479 δείξω
207 2400 263 2465 καλ
285 2395 363 2475 τοὺς
385 2397 549 2485 πρότερον
565 2393 886 2488 ἀμφισβητήσαντας
908 2397 982 2484 ἐμοὶ
1003 2402 1064 2465 τοῦ
1084 2393 1163 2488 κλη-

82 2525 142 2584 ρσυ
167 2498 300 2577 πάντας
322 2498 385 2578 ἔξω
400 2503 460 2587 τῆς
483 2495 670 2588 ἀγχιστείας
692 2496 799 2586 όντας,
823 2493 914 2568 ὥσθ’
933 2497 1019 2585 ὑμᾶς
1040 2497 1162 2587 όμυλο-

81 2613 162 2688 γεῖν.
210 2593 331 2690 ἀνάγκη
364 2595 394 2668 δ’
421 2600 511 2669 ἐστίν
539 2600 576 2680 ἐξ
597 2596 696 2691 ἀρχῆς
717 2603 759 2670 τὰ
787 2602 1015 2694 συμβεβηκότα
1037 2603 1161 2672 εἰπεῖν·

82 2701 117 2770 ἐκ
143 2701 273 2770 τούτων
294 2701 357 2790 γάρ
378 2702 551 2790 γνώσεσθε
579 2704 638 2792 τήν
659 2731 696 2773 τε
719 2704 798 2794 ἐμὴν
821 2700 1009 2792 ἀγχιστείαν
1030 2709 1087 2774 καί
1109 2698 1163 2772 ότι

81 2804 219 2883 τούτοις
242 2798 336 2872 οὐδὲν
358 2805 521 2894 προσήκει
542 2809 601 2892 τῆς
622 2808 852 2895 κληρονομίας.

168 2899 246 2992 Ἐγώ
269 2904 332 2994 γὰρ
354 2909 411 2974 καί
433 2903 574 2992 Ἁγνίας,
598 2893 624 2972 ἀ
647 2901 772 2994 ἀνδρες,
795 2909 852 2973 καὶ
874 2900 1078 2994 Εὗβουλίδης
1103 2908 1193 2980 καλε

82 3009 295 3096 Στρατοκλῆς
317 3011 372 3074 καί
394 3014 555 3096 Στρατίος
578 3002 596 3074 δ
625 3012 684 3096 τῆς
706 3003 836 3095 Ἁγνίου
864 3002 989 3095 μητρὸς
1015 2999 1162 3093 ἀδελφός

82 3108 119 3189 ἐξ
141 3103 293 3194 ἀνεψιῶν
323 3107 421 3194 έσμεν
449 3109 632 3196 γεγονότες·
660 3112 714 3176 καὶ
743 3107 807 3198 γάρ
837 3109 870 3175 οῖ
898 3112 1041 3195 πατέρες
1067 3101 1161 3195 ἡμῶν

80 3199 170 3300 ἦσαν
194 3204 332 3295 ἀνεψιοὶ
354 3210 389 3277 ἐκ
412 3211 668 3300 πατραδέλφων.
705 3207 838 3298 Ἁγνίας
860 3196 927 3291 οάν,
950 3202 1006 3278 ότε
1028 3207 1161 3278 ἐκπλεῖν

81 3311 349 3400 παρεσκευάζετο
365 3313 580 3401 πρεσβεύσων
604 3312 661 3381 ἐπὶ
683 3311 880 3392 ταύταςτὰς
902 3312 1041 3402 πράξεις
1064 3317 1100 3380 αἳ
1120 3316 1162 3401 τῇ

80 3413 186 3482 πόλει
209 3413 445 3502 συμφερόντως
467 3412 563 3498 είχον,
587 3409 645 3483 σάκ
664 3409 720 3503 ἐφ’
739 3412 818 3500 έμῖν
832 3430 903 3495 τοῖς
926 3415 1085 3502 ἕγγότατα
1106 3419 1161 3501 γέ-

81 3539 176 3597 νους,
209 3515 242 3582 εἴ
261 3541 296 3583 τι
319 3515 446 3597 πάθοι,
476 3514 517 3581 τά
547 3511 628 3582 όντα
657 3518 843 3598 κατέλιπεν,
873 3511 945 3584 ἀλλ’
976 3513 1159 3602 ἐποιήσατο

170 3688 184 3736 '1
203 3688 248 3736 καὶ
267 3701 288 3738 s.
307 3703 330 3738 v.
349 3689 365 3738 2
384 3715 416 3724 -
434 3689 494 3753 post
512 3683 588 3751 ίμοῖν
600 3698 700 3738 erasum
713 3690 753 3738 est
771 3686 872 3754 signum
886 3686 924 3752 λς
943 3685 969 3736 in
981 3697 1031 3749 ως.
1044 3685 1114 3734 extat
1127 3681 1161 3750 γ,

79 3770 189 3823 verbum
201 3769 271 3839 quod
284 3769 400 3823 additum
410 3774 473 3836 erat,
486 3783 585 3822 erasum
598 3772 638 3822 est
650 3798 683 3809 -
696 3773 712 3824 8
723 3768 846 3842 προσήκῃ
857 3786 904 3837 ηε,
916 3762 1048 3841 προσήκοι
1058 3781 1121 3819 corr.
1132 3769 1160 3819 ῖς

78 3869 130 3908 em.
150 3853 269 3910 Schoem.
339 3853 365 3910 δ.
384 3859 399 3909 5
417 3858 578 3927 μαρτυρίαει
603 3869 651 3908 em.
670 3855 732 3907 (λου.
757 3884 789 3896 -
811 3857 827 3906 6
845 3846 880 3907 ἂν
898 3853 947 3906 del.
965 3849 1025 3905 λλον.
1043 3881 1076 3890 -
1093 3846 1160 3923 ἀπό,-

77 3956 172 4012 κρισιν
190 3936 222 3991 οὗ
240 3955 304 3993 σου.
323 3943 347 4004 ῖ,
366 3933 545 4010 ἀποκρίνουσι
563 3938 612 3991 τοῦ
630 3956 667 4008 pr.
686 3969 720 3978 —
738 3941 753 3991 8
771 3936 885 3992 οἴεται..
904 3955 942 4007 pr.
