2550 4478
128 250 190 312 100
440 285 445 297 .
607 247 716 302 ΙΣᾸΙΟΥ
1138 267 1175 308 or.
1190 267 1210 308 ε.

127 419 275 486 πάππου
303 416 458 504 γυναικὸς
486 416 520 484 ἐκ
546 421 606 505 τῆς
628 417 736 495 οἰκίας
762 410 862 485 αὐτὸν
891 414 1016 507 ἐκείνης
1045 415 1208 498 θάπτειν,

126 522 183 589 καί
214 519 372 610 λεγούσης
401 512 454 588 ὅτι
480 511 631 606 βούλοιτ’
658 509 699 584 ἀν
728 511 809 606 αὐτῆ
832 517 870 586 τδ
895 523 993 604 σῶμα
1014 517 1053 585 τὸ
1083 517 1209 586 ἐκείνου

129 622 487 711 συμμεταχειρίζεσθαι
514 614 597 707 μεθ’
623 617 717 706 ἡμων
739 622 795 687 καί
818 623 1000 708 κοσμῆσαι,
1024 623 1081 688 καί
1105 625 1210 686 ταῦτα

130 722 339 813 ἱκετευούσης
359 728 414 793 καί
436 723 624 814 κλαιούσης,
648 722 824 810 ἐπείσθην,
852 708 879 787 ὦ
903 720 1030 810 ἀνδρες,
1053 724 1110 788 καὶ
1134 722 1211 788 τού-

128 850 178 913 τῳ
192 824 397 913 προσελθων
411 824 587 913 μαρτύρων
604 824 752 893 έναντίον
768 821 865 891 εἶπον
880 816 934 891 ὅτι
957 822 1116 889 ἐντεῦθεν
1131 847 1210 889 ποι-

129 926 256 1015 ήσομαι
283 925 344 1015 τῆν
371 926 496 1016 ταφήν·
531 927 708 1016 δεδεημένη
736 923 800 1013 γὰρ
829 925 879 1012 εἰἠ
908 928 1015 992 ταῦτα
1044 938 1161 992 ποιεῖν
1192 920 1208 1010 ῆ

78 1028 248 1097 ῖδτούτου
272 1021 411 1118 ἀδελφῆ.
455 1031 511 1094 καί
534 1032 639 1094 ταῦτα
654 1029 799 1115 Διοκλῆς
821 1021 966 1104 ἀκούσας
987 1020 1085 1093 οῦδὲν
1101 1019 1211 1092 ἀντεῖ-

129 1153 208 1210 πεν,
239 1121 324 1195 ἀλλά
351 1132 408 1196 καί
430 1128 605 1196 ίωνῦσθαί
632 1156 665 1196 τι
686 1133 753 1196 τιῦν
776 1128 825 1208 εἷς
846 1127 906 1218 τῆν
926 1127 1038 1217 ταφήν
1044 1180 1053 1209 ,
1083 1131 1153 1193 τῶν
1176 1127 1210 1192 δὲ

130 1223 309 1317 ἀρραβῶνα
325 1230 505 1297 δεδωκέναι
520 1224 618 1309 οὗτος
640 1230 777 1319 φάσκων
792 1234 898 1297 ταῦτα
912 1223 1007 1319 ἠξίου
1025 1222 1110 1316 παρ’
1132 1227 1211 1313 ἐμοῦ

131 1333 254 1416 λαβεῖν,
283 1333 339 1398 καί
369 1330 643 1419 διωμολογήσατο
671 1334 738 1397 τῶν
765 1332 825 1415 μὲν
854 1325 1091 1420 ῆγορασμένων
1113 1330 1211 1418 τιμὴν

132 1423 327 1517 ἀπολαβεῖν,
351 1426 397 1499 ὦν
420 1432 456 1499 δὲ
479 1425 659 1520 ἀρραβῶνα
680 1431 805 1520 ἔφασκε
827 1433 1023 1518 δεδωκέναι,
1047 1437 1211 1520 συστῆσαι

119 1532 211 1613 ,τοὺς
232 1533 406 1619 λαβόντας.
450 1527 553 1612 εὐθὺς
575 1521 752 1602 οὖντοῦτο
774 1540 1042 1624 παρεφθέγγετο,
1066 1530 1113 1614 ὥς
1136 1528 1208 1602 οὐδ’

132 1631 246 1704 ὁτιοῦν
276 1637 326 1724 εἰἠ
350 1642 464 1724 Κίρων
492 1637 760 1720 καταλελοιπώς,
789 1632 908 1705 οὐδένα
931 1637 1028 1725 λόγον
1051 1636 1134 1720 ἐμοῦ
1155 1659 1209 1700 πιο

80 1749 119 1805 24
133 1742 337 1821 ποιουμένου
359 1738 527 1824 περὶτῶν
550 1737 676 1807 ἐκείνου
695 1738 882 1828 χρημάτων.
918 1744 1029 1805 καίτοι
1052 1738 1083 1805 εί
1104 1737 1149 1824 μῆ
1172 1724 1209 1825 ῆν

132 1838 357 1925 θυγατριδοῦς
379 1844 546 1924 Κίρωνος,
577 1833 635 1906 οάκ
664 1831 705 1907 ἀν
726 1845 831 1906 ταῦτα
853 1841 1102 1926 διωμολογεῑτο,
1133 1832 1220 1928 ἀλλ’,

134 1937 278 2015 έκείνυυς
300 1928 340 2003 ἀν
368 1936 447 2015 τοὺς
476 1937 593 2024 λόγους
614 1940 705 2027 ἔλεγε
729 1939 789 2018 ,οὐ
813 1942 849 2009 δὲ
878 1948 929 2021 τίς
960 1939 1004 2025 εἶ,·
1035 1945 1088 2008 σοὶ
1121 1942 1156 2007 δὲ
1179 1946 1209 2005 τί

133 2038 296 2127 προσῆκει
317 2038 468 2107 θάπτειν
475 2068 486 2121 ,·
507 2033 546 2106 οά
568 2039 739 2127 γιγνώσκω
763 2062 816 2110 σε·
846 2037 884 2110 οὗ
906 2043 951 2133 μῆ
976 2044 1061 2112 ε’ίσει
1083 2043 1132 2121 εἰς
1152 2040 1208 2130 τῆν

136 2139 274 2212 οἰκίαν.“
319 2134 416 2209 ταῦτ’
442 2141 551 2209 εἰπεῖν
572 2147 750 2232 προσῆκεν,
781 2138 802 2210 ά
824 2170 889 2232 περ
912 2150 969 2214 νῦν
997 2145 1129 2234 ἑτέρους
1151 2148 1208 2209 πέ-

135 2269 230 2312 πεικε
253 2245 368 2332 λέγειν.
406 2248 463 2312 νῦν
486 2245 522 2311 δέ
544 2249 698 2313 τοιοῦτον
720 2245 781 2331 μέν
798 2241 895 2315 οὐδὲν
910 2245 1014 2329 εἶπεν,
1039 2248 1088 2327 εἷς
1111 2248 1153 2314 ἕω
1176 2245 1207 2311 δὲ

134 2340 310 2431 τάργύριον
326 2344 471 2414 έκέλευεν
487 2348 691 2434 εἰσενεγκεῖν.
724 2351 791 2416 Καί
807 2353 913 2416 ταῦτα
928 2346 974 2427 ὡς
990 2343 1104 2438 ἀληθῆ
1120 2352 1204 2435 λέγω,

135 2447 229 2512 κάλει
251 2473 309 2530 μοι
331 2447 458 2514 τούτων
480 2447 559 2527 τοῦς
580 2450 760 2538 μάρτυρας.

562 2569 785 2622 ΜΑΡΤΥΡΕΣ.

84 2664 121 2720 25
227 2641 275 2715 Οῦ
297 2655 408 2717 τοίνυν
430 2648 553 2728 ἐκεῖνος
572 2649 684 2735 μόνος,
708 2643 785 2714 ἀλλ’
811 2644 887 2715 οὐδὲ
915 2645 932 2715 ὁ
957 2655 1013 2716 νῦν
1041 2645 1208 2738 ἀμφισβη-

135 2753 202 2816 τοῦν
231 2754 290 2817 τοῦ
318 2751 438 2840 κλῆρου
467 2753 620 2818 τοιοῦτον
649 2747 743 2817 εἶπεν
766 2743 870 2831 οῦδέν,
901 2743 973 2816 ἀλλ’
999 2746 1065 2816 ὑπὸ
1094 2754 1209 2818 τούτου

136 2856 433 2939 παρασκευασθεὶς
455 2847 672 2942 ἀμφισβητεῖ.
708 2845 859 2919 κάκείνου
881 2849 919 2918 τδ
942 2849 1003 2934 μὲν
1025 2847 1109 2940 παρ’
1136 2853 1212 2939 ἐμοῦ

98 2982 104 2989 ·
136 2956 300 3041 κομισθέν
317 2949 473 3043 ἀργύριον
489 2948 546 3022 οὐκ
568 2952 794 3045 έθελῆσαντος
810 2947 1005 3038 ἀπολαβεῖν,
1028 2953 1123 3039 παρὰ
1140 2951 1215 3023 τοῦ·

136 3083 195 3124 του
219 3051 251 3122 δ’
278 3050 503 3146 ἀπειληφέναι
523 3060 564 3142 τῇ
585 3052 746 3145 ὑστεραίᾳ
769 3054 966 3145 φάσκοντος,
994 3049 1052 3121 οὐκ
1074 3054 1220 3124 έκιοί,υό”

136 3184 202 3248 μην
224 3156 433 3223 συνθάπτειν
449 3149 534 3220 ἀλλὰ
556 3155 670 3221 πάντα
685 3161 900 3222 συνεποίουν·
926 3151 982 3239 οὐχ
1004 3150 1099 3235 ὅπως
1121 3155 1223 3225 τοῦδε

139 3252 375 3332 ἀναλίσκοντος
396 3248 473 3319 οὐδὲ
488 3256 678 3334 Διοκλέους,
703 3249 778 3320 ἀλλ’
798 3255 835 3331 έξ
855 3251 901 3322 ὦν
917 3255 1040 3335 ἐκεῖνος
1057 3262 1223 3327 κατέλιπέ

68 3373 124 3436 ‚2⁶
138 3360 339 3445 γιγνομένων
360 3357 427 3420 τῶν
443 3351 491 3431 είς
507 3345 608 3420 αὐτὸν
624 3347 863 3450 ἀναλωμάτων.
900 3363 1010 3427 καίτοι
1031 3364 1086 3427 καὶ
1109 3363 1223 3444 τοάτιγ

138 3462 314 3549 προσῆκεν,
338 3453 434 3542 εἰμὴ
459 3453 605 3535 πάππος
634 3450 674 3545 ῆν
695 3480 754 3540 μοι
776 3462 900 3545 Κίρων,
930 3453 1036 3529 ιάθεῑν
1060 3463 1144 3548 (καὶ)
1167 3463 1222 3531 ix*

97 3602 100 3607 ·
138 3563 274 3649 βάλλειν
301 3562 357 3627 καὶ
384 3556 522 3625 κωλῦειν
551 3558 771 3626 συνθάπτειν.
823 3553 918 3627 οὐδὲν
945 3560 1008 3649 γὰρ
1038 3556 1157 3649 ὅμοιον
1180 3555 1222 3654 ῆν

226 3731 272 3786 22.
286 3737 300 3784 ’λ
314 3730 354 3796 εἴη
363 3721 441 3785 νΒελω
455 3731 497 3781 άνι
549 3727 593 3783 23.
608 3733 622 3781 2
636 3730 695 3782 τῶν
708 3725 738 3782 δὲ
751 3729 810 3783 Bk.:
824 3726 875 3783 τδν
888 3726 918 3783 δὲ
936 3759 968 3768 -
981 3735 995 3782 ’λ
1010 3731 1222 3788 κοιταλεποιπάν1

226 3816 271 3870 24.
290 3821 305 3869 4
324 3833 367 3869 σε.
385 3846 418 3856 -
436 3815 508 3868 εἴσιτ’
520 3813 557 3865 ate
576 3813 636 3865 Bk.:
654 3814 787 3881 etaim-
806 3819 821 3867 6
841 3814 960 3882 Harpocr.
980 3830 1004 3867 v.
1023 3817 1059 3869 εἰε
1082 3821 1134 3870 ῖαι·
1157 3817 1211 3872 ἀντ

141 3901 189 3954 τοῦ
214 3901 251 3952 εἰς
272 3895 424 3970 ἀρχομένην
447 3895 550 3972 ἡμέραν
565 3893 660 3951 Ἰσαῖος
684 3901 714 3950 ἐν
737 3899 778 3964 τῷ
802 3903 865 3968 περὶ
889 3899 937 3951 τοῦ
956 3903 1082 3971 Κέρωνος
1104 3906 1146 3970 (ex
1171 3921 1217 3958 ent

144 3985 250 4052 Yalesii)
262 3980 366 4055 κλῆρον.
419 3984 464 4040 2ο,
477 3991 492 4040 6
505 3980 592 4051 άπῳτε
607 3977 643 4036 ἀν
655 3983 701 4035 Bk.
754 3982 799 4037 2⁶.
813 3985 828 4035 2
841 4001 901 4052 ,μοι
913 3999 950 4052 pr.
964 4013 997 4055 ,-
1006 3991 1061 4054 ,ιιαὶ
1073 3988 1131 4042 add.
1143 3989 1215 4043 δεῖν
