2572 4476
135 277 175 335 14
624 275 732 330 ΙΣΑΙΟΥ
1150 293 1183 336 01,
1195 294 1207 334 χ

133 445 303 534 εὑρήσετε,
332 445 470 523 τούτους
498 446 534 512 δὲ
564 449 619 512 νύν
647 446 708 529 μὲν
738 438 1036 528 ἀναισχυντοῦντας
1073 447 1134 512 καὶ
1163 444 1209 532 την

133 549 320 637 οἰκειότητα
342 551 398 616 καί
421 547 479 635 τὴν
504 541 694 634 ἀγχιστείαν
717 549 882 634 λέγοντας,
905 539 960 614 ότι
978 545 1167 634 λήψεσθαί
1184 575 1209 614 τι

132 652 380 741 προσδοκῶσιν·
406 649 440 716 έν
463 650 499 716 δὲ
521 653 569 735 τῷ
596 649 712 715 δοῦναι
735 648 882 726 πολλοὺς
905 639 945 716 ἀν
966 651 1022 716 καί
1047 664 1210 737 συγγενεῖς

131 758 187 822 καὶ
210 755 328 844 φίλους
352 752 476 819 ἐκείνου
498 753 698 838 προείλοντο
721 751 951 838 οἰκειοτέρους.

79 869 117 926 48
218 855 414 944 Κεφάλαιον
437 854 473 920 δέ
495 857 562 920 των
585 852 774 943 εἰρημένων,
799 848 826 940 ᾦ
842 853 973 932 πάντας
993 849 1085 937 ὑμᾶς
1108 877 1209 941 προσ·

131 963 216 1041 έχειν
247 957 299 1024 δεῖ
326 955 384 1022 τόν
415 959 506 1022 νοῦν·
541 948 611 1042 ύσφ
639 955 702 1042 γάρ
733 945 774 1022 ἀν
802 959 906 1022 ταῦτα
941 956 1094 1042 λέγοντες
1130 949 1209 1022 ἀπο·

131 1065 280 1146 φαίνωσι
302 1060 359 1123 καὶ
381 1059 566 1143 πειρῶνται
588 1062 725 1123 πείθειν
752 1053 840 1140 ὑμᾶς
862 1054 908 1136 ιὺς
930 1055 1055 1135 ἐκεῖνος
1078 1057 1208 1125 διέθετο

130 1154 332 1236 ταύταςτὰς
355 1157 521 1245 διαθήκας
543 1161 599 1224 καὶ
616 1152 836 1225 ούδεπιόποτε
858 1152 996 1245 ὑστερον
1020 1152 1116 1246 αὑτῷ
1138 1185 1208 1244 μετ·

131 1262 279 1349 εμέλησε,
295 1262 351 1326 καὶ
367 1263 423 1325 νύν
437 1260 497 1342 μὲν
514 1257 668 1344 ἐβούλετο
681 1255 769 1347 ἡμᾶς
778 1261 881 1349 μηδὲν
892 1264 959 1327 τιύν
972 1255 1076 1327 αὑτοῦ
1090 1263 1207 1346 λαβεῖν,

78 1378 116 1434 49
132 1370 231 1452 σφίσι
247 1355 279 1428 δ’
304 1355 417 1439 αὑτοῖς
438 1365 627 1447 βεβαιῶσαι
649 1361 708 1449 την
731 1362 868 1449 δωρεάν,
890 1365 947 1429 καὶ
969 1365 1078 1428 ταῦτα
1101 1363 1208 1430 πάντα

130 1471 282 1554 λέγοντες
303 1468 359 1532 καί
376 1464 654 1551 διισχυριζόμενοι
669 1465 850 1553 μηδέτερον
866 1458 1100 1553 ἀποφαίνωσι,
1122 1458 1206 1554 μήθ’

129 1567 175 1650 ὥς
199 1569 358 1657 ἐγγυτέρω
387 1571 435 1654 τηλ
463 1572 551 1655 γένει
579 1567 786 1656 προσήκουσι
814 1561 902 1655 μηθ’
935 1563 981 1645 ιὺς
1011 1567 1210 1654 οἰκειότερον

127 1668 222 1760 ἦμιῦν
251 1670 338 1758 πρὸς
365 1669 565 1754 Κλεώνυμον
594 1670 769 1751 διέκειντο,
798 1664 894 1753 ὑμεῖς
921 1669 1126 1754 ἐνθυμεῖσθε
1153 1661 1209 1735 ότι

129 1773 254 1841 ἐκείνου
276 1777 524 1862 κατηγοροῦσιν,
550 1765 627 1837 ἀλλ’
648 1765 706 1853 οὑχ
722 1767 769 1850 ιὺς
784 1770 913 1838 δίκαιόν
929 1771 1001 1838 ἐστι
1016 1771 1055 1838 τό
1072 1774 1211 1861 πρᾶγμα

75 1883 114 1938 50
129 1874 346 1942 διδάσκουσιν
367 1869 463 1957 ὑμᾶς.
508 1864 598 1936 ὥσθ’
625 1867 719 1954 ὑμεῖς
741 1864 822 1938 όταν
839 1872 899 1955 μὲν
914 1886 986 1950 τοῖς
1000 1872 1133 1940 τούτισν
1156 1873 1210 1946 λά,-

128 2000 201 2063 γοις
223 1973 412 2062 πιστεύητε,
436 1966 473 2039 οὑ
496 1973 633 2050 τούτους
656 1972 819 2061 προσήκει
841 1977 984 2061 ποιῆσαι
1002 1978 1071 2041 τῶν
1088 1973 1211 2043 ἐκείνου

128 2075 361 2166 κληρονόμους,
386 2067 472 2140 ἀλλὰ
497 2073 689 2161 παράνοιαν
703 2074 905 2159 Κλεωνύμου
920 2076 1210 2162 καταγιγνώσκειν,

129 2173 210 2247 όταν
234 2179 270 2245 δὲ
292 2190 363 2255 τοῖς
383 2173 568 2264 ἡμετέροις,
593 2173 716 2243 ἐκεῖνόν
738 2201 774 2242 τε
798 2177 943 2260 νομίζειν
960 2170 1078 2265 ὀρθῶς
1092 2186 1212 2267 βεβου-

131 2286 276 2351 λεῦσθαι
299 2283 397 2348 λύσαι
418 2278 479 2358 τὰς
502 2279 668 2367 διαθήκας
688 2278 901 2365 βουλόμενον,
923 2275 1011 2366 ἡμᾶς
1031 2306 1071 2347 τε
1091 2284 1142 2371 μὴ
1159 2306 1213 2352 σιν

77 2393 112 2448 51
128 2397 307 2473 κοφαντεῑν
331 2375 415 2447 ἀλλὰ
439 2382 578 2458 δικαίως
602 2381 729 2449 τούτων
751 2375 986 2470 ἀμφισβητεῖν.
1030 2381 1168 2465 ἔπειτα,
1189 2412 1213 2452 ω

129 2482 262 2573 ἀνδρες,
290 2481 497 2565 ἐνθυμεῖσθε
520 2475 573 2548 ότι
596 2475 653 2564 οὑχ
677 2481 748 2549 οίόν
769 2508 806 2549 τε
828 2478 906 2565 ὑμῖν
929 2481 1001 2548 έστι
1023 2484 1113 2552 κατὰ
1138 2486 1214 2566 τούς

128 2587 254 2654 τούτων
277 2583 395 2671 λόγους
415 2585 539 2670 γνιῦναι
568 2584 646 2669 περὶ
678 2577 796 2651 αὑτῶν.
841 2584 978 2651 πάντων
1004 2583 1070 2671 γάρ
1095 2576 1213 2678 ἀνείη

129 2686 331 2767 δεινότατον,
358 2683 388 2751 εἰ
409 2687 476 2750 τῶν
500 2676 675 2751 ἀντιδίκων
696 2684 945 2772 γιγνωσκόντων
966 2681 1056 2772 ἡμᾶς
1080 2687 1215 2758 δίκαιον

128 2787 215 2859 είναι
236 2787 274 2855 τό
298 2790 398 2875 μέρος
421 2778 530 2851 αὑτοῖν
553 2786 681 2869 λαβεῖν,
709 2783 803 2870 ὑμεῖς
826 2779 953 2853 ἅπαντ’
980 2779 1104 2866 αύτούς
1129 2789 1215 2874 ἔχειν

128 2895 364 2983 ψηφίσαισθε,
396 2890 453 2954 καὶ
481 2885 618 2964 τούτους
645 2887 706 2970 μὲν
733 2883 924 2975 ἡγήσαισθε
949 2890 1070 2976 χρῆναι
1101 2894 1213 2960 πλείω

126 2997 242 3080 λαβεῖν
271 2985 317 3058 οὑν
346 2983 442 3056 αὑτοὶ
473 2991 563 3077 σφᾶς
591 2983 710 3068 αύτούς
741 2983 906 3077 ἠξίωσαν,
938 2985 1027 3076 ἡμᾶς
1055 2991 1095 3058 δὲ
1127 2992 1213 3084 μηδὲ

125 3096 253 3163 τούτων
276 3086 457 3171 ἀξιώσαιτε
479 3083 525 3157 ὦν
549 3091 582 3158 σί
605 3083 768 3159 ἀντίδικοι
790 3093 1014 3177 συγχωροῦσιν
1036 3087 1131 3178 ἡμῖν.

195 3319 209 3366 5
229 3318 275 3367 καὶ
292 3316 351 3365 ante
363 3327 438 3384 συγγ.
448 3314 533 3366 ωειλ
551 3342 585 3351 -
603 3315 790 3381 θπροείχοντο
801 3309 832 3368 Q.
887 3309 931 3366 48.
945 3313 960 3362 2
973 3305 1016 3362 δεῖ
1029 3316 1213 3381 πρασίχεινθ

125 3431 159 3440 -
171 3397 275 3468 μᾶλλον
293 3404 353 3466 post
369 3393 404 3450 ἀν
421 3398 479 3452 εδδ.
493 3397 552 3452 Dbr.
570 3427 603 3436 -
621 3395 722 3448 παῦσαι
742 3394 770 3447 st.
782 3386 824 3444 ἀεὶ
841 3387 930 3445 ταύτὰ
946 3423 980 3431 -
998 3399 1014 3448 4
1033 3392 1112 3464 αύτῷ
1132 3393 1212 3454 ὑστε-

125 3506 174 3558 ρον
192 3485 212 3548 Q
230 3514 263 3524 —
282 3489 297 3538 5
316 3477 383 3535 ἀλλὰ
405 3487 464 3536 ante
486 3485 533 3536 καὶ
554 3480 612 3533 add.
629 3479 700 3532 Blass
724 3506 757 3517 -
774 3478 825 3543 μὲν
843 3483 903 3544 post
925 3471 992 3544 ἡμᾶς
1008 3480 1103 3537 σοΙΙοε.
1122 3484 1163 3550 0,
1182 3485 1212 3539 ft.

125 3571 176 3637 leg.
193 3564 299 3638 μύνουε.
369 3567 414 3623 49.
433 3571 448 3622 2
467 3564 589 3640 λεγοντα
600 3566 645 3615 καὶ
657 3562 708 3617 del.
721 3561 794 3614 Cob.:
813 3565 860 3613 καὶ
871 3563 955 3616 οιαλ
974 3577 1021 3628 με,
1038 3564 1103 3619 inv.
1122 3569 1209 3625 adm

125 3685 158 3695 -
177 3649 354 3723 ἀποφήνωσιε
373 3669 422 3706 em.
441 3652 560 3706 Schoem.
579 3679 611 3688 -
628 3642 699 3714 μήθ’
721 3645 781 3698 Bk:
800 3643 839 3711 μὴ
856 3640 896 3696 δ’.
968 3644 1015 3701 50.
1036 3650 1046 3698 1
1066 3643 1141 3704 όταν
1157 3655 1214 3722 μέν

124 3740 208 3802 οιαο
227 3769 260 3779 -
279 3741 294 3792 3
312 3735 470 3808 κλιιόννμδν
482 3738 511 3799 0.
579 3733 624 3788 51.
644 3735 659 3784 2
676 3726 775 3798 ἡμῖνΑ
793 3759 826 3769 -
845 3734 860 3782 5
878 3725 950 3795 ύμιῖε
967 3731 1052 3790 om.Q
1070 3760 1107 3772 -
1126 3739 1213 3805 ⁶⁸4sp
1255 3756 1259 3861 η

123 3823 297 3896 ψηφισεσθε,
315 3819 461 3897 ἡγήσεσθε,
479 3814 625 3883 ἆξεάσετεε
644 3831 693 3868 em.
711 3815 759 3871 Bk.
1256 3864 1259 3889 Ι
