2550 4478
136 255 177 318 60
621 254 730 308 ιεωοκ
1144 273 1203 315 απ

136 425 363 514 παραδώσειν,
391 433 425 494 τί
455 424 629 516 ἐζημιοῦτο
660 417 888 512 ἀφιστάμενος
916 416 962 489 ῶν
993 421 1093 511 τιμήν
1116 419 1205 516 εῖχεν-ς

136 522 212 596 οὐδὲ
233 527 297 617 γάρ
319 531 401 616 πρὶν
422 524 613 617 ἡττηθῆναι
633 526 694 614 τήν
717 527 810 614 δίκην
827 521 912 608 εἶχεν
935 518 981 592 ῶν
1003 520 1102 612 ήμεῖς
1124 525 1203 592 δικα·

136 629 275 715 ζάμεθα,
300 623 376 697 ἀλλ’
396 631 429 698 οἱ
451 626 546 717 παρὰ
569 627 687 696 τούτου
710 621 892 715 πριάμενοι
912 628 971 693 καὶ
992 631 1143 710 θέμενοι,
1163 626 1203 705 ολς

136 731 206 800 ἔδει
228 725 330 800 αὐτὸν
353 726 528 799 ἀποδόντα
549 728 608 854 τήν
622 728 722 818 τιμήν
744 725 823 818 ήμῖν
844 726 887 794 τὰ
909 732 992 816 μέρη
1017 721 1202 795 άποδοῦιαι.

83 840 121 897 22
136 832 194 902 διὰ
215 838 321 901 ταῦτα
349 833 412 922 γάρ
440 829 597 909 καὶτοὺς
624 829 782 952 ἐγγυητάς
803 823 889 918 παρ’
916 822 1019 896 αὐτοῦ
1046 829 1203 952 ἕλάβομην,

135 1037 228 1104 δυοῖν
251 1036 354 1105 οἰκιδί
341 1043 406 1105 ίοιν
422 1036 485 1115 ἐ’ξω
500 1041 629 1119 τείχους
642 1036 699 1102 καί
715 1029 885 1125 (άγροῶ)’
870 1057 905 1100 εν
919 982 1037 1119 Πεδίῳ
1060 1032 1203 1122 ἑξήκοντα

134 1139 297 1223 πλέθρων
319 1132 415 1204 οὐδὲν
436 1141 676 1222 κεκομίσμεθα,
700 1129 776 1202 άλλ
798 1136 832 1202 οἱ
852 1132 948 1222 παρὰ
970 1133 1090 1202 τούτου
1113 1138 1203 1219 θέμε·

135 1265 187 1306 νοι
208 1241 265 1306 καὶ
287 1237 480 1328 πριάμενοι.
527 1233 625 1326 ήμεῖς
655 1231 687 1304 δ’
713 1230 771 1304 οὐκ
792 1235 964 1322 ἐξάγομεν·
995 1235 1128 1321 δέδιμεν
1152 1233 1203 1323 γὰρ

133 1338 180 1427 μὴ
203 1335 360 1430 ὄφλωμεν
383 1340 486 1417 δί.κας
522 1342 580 1406 καί
600 1336 664 1427 γάρ
679 1344 849 1419 Μικίωνα,
871 1337 1062 1417 κελεύοντος
1075 1344 1203 1407 Δικαιο·

133 1447 248 1528 γένους
278 1444 335 1508 καί
362 1440 551 1530 φάσκοντος
571 1440 645 1528 (μή)
665 1439 876 1526 βεβαιώσειν,
900 1436 1073 1527 ἐξάγοντες
1094 1438 1130 1506 ἐκ
1153 1440 1203 1506 τοῦ

133 1546 313 1630 βαλανείου
336 1537 494 1633 ῶφλομεν
515 1541 759 1629 τετταράκοντα
775 1546 860 1628 μνᾶς
882 1539 939 1609 διὰ
953 1522 1202 1661 Δικαιογένη,ῶ

83 1642 264 1771 ῖῖάνδρες.
313 1641 492 1766 ήμούμενοι
519 1644 581 1733 γάρ
610 1638 669 1712 οὐκ
697 1669 738 1711 αν
767 1637 868 1711 αυτδν
895 1641 1098 1728 βεβαιώσειν
1120 1635 1203 1709 υῧδεν

135 1743 181 1815 ῶν
202 1744 282 1836 ήμῖν
305 1741 434 1836 άπέστη
458 1746 493 1815 ἐν
513 1751 563 1833 τῷ
585 1747 803 1835 δικαστηρίῳ,
831 1743 1107 1830 διισχυριζόμεθα
1128 1740 1204 1830 πρὸς

135 1856 296 1917 Μικίωνα
311 1847 461 1915 ἐναντίον
473 1851 540 1914 τῶν
556 1847 731 1928 δικαστῶν,
748 1845 923 1925 ἐθέλοντες
938 1842 1052 1915 ὁτιοῦν
1063 1845 1204 1929 πάσχειν,

134 1949 412 2074 είβεβαηώσειεν
442 1940 530 2070 ηὗτῳ
517 1951 772 2036 Δικαιογένης
801 1945 838 2014 τδ
867 1949 1057 2033 βαλανεῖον,
1088 1973 1145 2015 ουκ
1172 1940 1205 2012 άν

134 2075 220 2118 ποτε
240 2049 391 2135 οἰόμενοι
421 2041 523 2115 αδτδν
551 2047 686 2117 ἐναντίοι
717 2049 768 2129 οἷς
784 2044 986 2168 ώμολάγησε
1006 2050 1152 2140 πρᾶξαι,
1174 2040 1205 2114 οὗ

134 2145 179 2219 δι’
195 2145 271 2218 άλλ
287 2144 383 2219 οάδὲν
366 2177 417 2239 νη
403 2139 492 2218 διὰ
508 2148 585 2230 τοδς
595 2148 767 2242 ἐγγυητάς,
783 2143 837 2219 δτι
849 2147 1145 2240 καθειστήκεσαν(
1127 2165 1207 2240 ημῖν

79 2262 119 2320 24
134 2247 289 2332 άποστδις
304 2253 341 2320 δὲ
354 2257 574 2342 Δικαιογένης
589 2253 706 2341 [ταῦτα
719 2281 763 2320 τα
750 2247 918 2342 ἱτμέρη]
891 2280 937 2320 ων
949 2255 1059 2320 καί
1020 2279 1077 2321 νυν
1093 2250 1209 2338 ὁμολο-

130 2370 183 2444 γεῖ
197 2351 387 2446 άφεστάναι
400 2351 489 2443 ήμῖν,
514 2353 698 2441 εβεβαίωσε
712 2361 803 2423 Μικί
805 2381 866 2424 ωνι
879 2353 917 2422 τδ
939 2357 1129 2441 βαλανεῖον.
1158 2354 1211 2422 καὶ

131 2455 195 2543 ἐγώ
210 2457 271 2541 μὲν
285 2453 303 2523 δ
322 2450 445 2534 άθλιος
461 2449 519 2539 οὐχ
534 2449 630 2535 ὅπως
644 2482 679 2524 τι
693 2454 729 2522 ἐκ
742 2460 803 2525 τοῦ
816 2456 938 2546 κλήρου
954 2456 1112 2546 εἰληφώς,
1129 2450 1210 2524 άλλὰ

15 2594 17 2598 ·
130 2555 447 2646 προσαπολωλεκῶς
475 2555 719 2644 τετταράκοντα
744 2562 839 2644 μνᾶς,
865 2552 988 2646 άπήειν
1016 2555 1214 2647 ὑβρισμένος

130 2655 197 2726 ὑπὸ
209 2662 270 2725 τοῦ
276 2662 524 2744 Δικαιογένους.
538 2657 732 2725 καὶτούτων
742 2655 821 2743 ὑμῖν
831 2655 1002 2748 μάρτυρας
1011 2661 1214 2749 παρέξομαι.

562 2763 786 2816 ΜΑΡΤΥΡΕΣ.

77 2853 115 2914 25
221 2848 335 2913 Ταῦτα
356 2845 417 2931 μὲν
434 2845 660 2930 πεπόνθαμεν
674 2841 742 2914 δπδ
758 2851 1005 2936 Δικαιογὲνους,
1028 2833 1054 2913 ῶ
1078 2842 1213 2936 άνδρες·

129 2943 147 3015 δ
172 2943 205 3014 δ’
224 2947 466 3038 ἐγγυησάμενος
488 2941 590 3016 αὐτὸν
604 2948 792 3040 Λεωχάρης
813 2952 869 3017 καί
890 2954 958 3017 τῶν
977 2948 1115 3017 πάντων
1132 2946 1212 3038 ήμῖν

127 3054 236 3119 κακῶν
267 3051 375 3128 α’ίτιος
405 3045 445 3116 οδ
473 3072 577 3139 φησιν
607 3048 880 3168 εγγυήσασθαιι
859 3078 880 3117 α
908 3066 1212 3140 καταμαρτυρεῖται

129 3145 247 3232 αὐτοῦ,
277 3145 332 3220 ὅτι
358 3150 393 3218 ίν
420 3154 470 3237 τῶ
496 3158 713 3240 γραμματείῳ
740 3178 788 3238 την
819 3151 878 3220 ἐπὶ
907 3156 966 3220 τοῦ
995 3153 1210 3275 δικαστηρίου

126 3255 289 3340 γραφέντι
311 3277 370 3318 ουκ
392 3249 465 3317 ἐστι
485 3255 601 3318 ταῦτα.
644 3247 741 3339 ἡμεῖς
763 3254 815 3336 δέ,
837 3281 864 3320 ω
850 3240 1021 3344 άνδρες,
1049 3254 1111 3322 τόν
1114 3249 1210 3322 ἐπὶ

126 3355 186 3419 τοῦ
206 3350 356 3441 βήματος
379 3350 639 3430 σπεύδοντες
601 3378 643 3418 τα
665 3354 706 3439 μὲ
709 3380 725 3421 ν
749 3353 952 3444 ἐγράψαμεν,
975 3359 1042 3423 τῶν
1065 3357 1102 3424 δὲ
1122 3356 1209 3444 μάρ-

194 3505 239 3562 22.
259 3511 274 3560 2
292 3509 339 3558 καί
356 3501 482 3571 ποιήσειν
493 3505 556 3559 Rsk.
573 3511 635 3560 -3
653 3501 737 3578 άγροῦ
755 3508 813 3561 εδδ.
831 3507 864 3561 δε
881 3524 939 3562 meo
956 3539 991 3548 —
1008 3514 1024 3563 5
1043 3503 1092 3560 οάκ
1106 3525 1171 3562 corr.
1184 3513 1207 3571 1,

126 3583 175 3644 .’.κ
191 3608 230 3659 pr.
247 3621 281 3631 -
299 3586 442 3658 δεδίαμινι
461 3606 510 3644 εει.
522 3592 584 3645 Gob.
603 3621 636 3632 -
655 3596 671 3645 6
688 3598 829 3660 μηκίωναι
847 3609 897 3646 εει.
909 3592 984 3659 Rsk‚;
1002 3594 1065 3645 item
1078 3596 1145 3658 23‚3
1163 3594 1206 3645 ubi

124 3679 242 3743 μηκίσνα
259 3692 307 3742 με,
325 3675 452 3742 μηκίανιι
469 3691 533 3729 corr.
550 3680 572 3742 1,
591 3682 618 3730 et
636 3680 706 3744 24,2
725 3677 769 3729 ubi
786 3677 825 3746 μὴ
842 3683 922 3731 ulam
939 3692 987 3745 pr„
1003 3682 1124 3745 μηκίωνι
1142 3694 1206 3731 corr.

125 3789 158 3799 -
177 3765 192 3814 ‘1
210 3757 249 3826 μὴ
266 3760 323 3812 εδδ.
342 3759 400 3814 ΑΙδ.
423 3790 456 3800 -
479 3761 639 3842 ίξάίγοντσε.
714 3759 761 3815 28.
781 3766 793 3816 1
813 3764 970 3831 βεβαιῶσαι
987 3761 1049 3815 Nbr.
1067 3792 1101 3801 —
1124 3758 1205 3814 οὐδὲν

124 3844 195 3896 Ald..
213 3839 326 3896 οὖδὲ-
345 3839 443 3899 ὅθεν
455 3841 493 3897 δι
507 3846 581 3899 And..
573 3838 669 3899 ·σιἰὃ’.
721 3843 767 3900 24.
787 3848 899 3915 lgloss.
912 3847 963 3900 del.
976 3847 1082 3900 11111.-
1046 3852 1204 3916 -4προσ·

125 3924 319 3983 απολωίεκώεε
337 3933 378 3984 02
396 3946 411 3983 e
429 3946 493 3985 οοπ.
514 3934 580 3984 1-
598 3930 699 3983 etit.
691 3946 717 3982 ια
735 3946 786 3998 ως.
807 3936 816 3985 1
838 3936 898 3997 post
915 3928 970 3984 ὑπὸ
987 3927 1062 3984 δικαι
1080 3935 1123 3996 25,
1143 3938 1165 3986 1.

124 4010 169 4067 25.
188 4013 282 4066 δίστι
298 4029 345 4081 με,
363 4018 455 4068 ῖνιστι
473 4031 537 4069 corr.
556 4019 580 4067 1.
