2572 4476
61 126 90 159 ε.
125 128 172 179 ,τι
387 110 465 167 ΠΕΡΙ
481 112 545 166 ΤΟΥ
561 112 749 167 mmor
764 113 903 169 mmor.
1117 113 1174 174 111

54 274 73 353 ‹1'
105 281 205 371 ι’ρδνιμ
224 280 315 371 μηδὲ
335 284 417 372 περὶ
444 280 519 363 ίνδς
542 276 642 350 αύτδν
669 286 737 351 τῶν
760 278 862 351 αύτού
889 284 1095 368 διαθέσθαι,
1122 279 1179 353 ὅτε

36 370 61 449 3²2
103 380 192 453 δίτδ
214 385 411 451 τελευταῖον
439 383 555 470 ἔμελλε
578 384 841 469 στρατεύεσθαι,
866 383 1045 475 ἐθελοντήν
1067 413 1104 456 τε
1127 387 1178 456 ἐκ·

36 501 49 561 ἴ*
93 488 244 555 πλέοντα
267 488 327 554 καί
346 485 495 571 μάλιστα
517 484 552 552 ἐκ
573 486 695 575 ταύτης
716 490 776 575 τῆς
802 493 979 575 στρατείας
1001 487 1178 570 ἐλπίζοντα

87 588 390 678 σωθήσεσθαι-
413 592 488 666 πῶς
509 592 608 656 τούτο
624 587 747 655 πιστὸν
762 583 842 678 ήδη,·
864 627 906 638 -
928 588 989 668 τὰς
1012 590 1178 680 διαθήκας

83 692 161 761 τότε
185 692 397 758 καταλιπεῖν
419 692 474 758 καί
497 688 725 757 ἐκπλεύσαντα
747 693 942 780 τελευτῆσαι
949 722 960 775 ,·

169 794 302 880 Χωρίς
325 792 361 859 δέ
383 791 520 875 τούτων,
542 779 569 858 ὦ
593 788 710 880 ἄνδρες
733 792 898 876 δικασταί,
926 793 976 861 ἔτι
997 792 1099 879 μείζω
1121 819 1175 860 τε·
1190 805 1228 863 10

74 896 212 985 ιμήρια
238 894 436 983 παρέξομαι
458 890 504 974 ὥς
527 888 621 962 οὐδὲν
645 889 772 983 ἀληθὲς
802 897 953 982 λέγουσιν
975 890 1078 965 οὗτοι.
1102 894 1179 964 ἐπι·

74 999 183 1079 δείξω
207 994 281 1085 γὰρ
304 992 382 1082 ύμῖν
405 995 563 1080 ἔχθιστον
586 991 746 1064 ἁπάντων
768 993 850 1065 ὄντα
872 992 1074 1089 Ἀστύφιλον
1092 1001 1178 1065 Κλέ·

73 1128 150 1183 ωνι,
176 1102 245 1167 καὶ
264 1090 353 1166 ούτω
369 1098 503 1188 σφόδρα
525 1101 579 1166 καὶ
604 1099 742 1178 δικαίως
763 1105 925 1184 μισοῦντα
940 1106 1067 1184 τοῦτον,
1091 1095 1178 1169 ὥστε

70 1202 168 1273 πολὺ
208 1192 260 1269 &v
287 1204 419 1268 θᾶττον
452 1200 654 1284 διαθέμενον
686 1202 813 1290 μηδένα
845 1205 929 1271 ποτὲ
959 1209 1025 1271 τῶν
1058 1203 1178 1271 ἑαυτοῦ

71 1306 223 1375 οἰκείων
258 1303 480 1391 διαλεχθῆναι
502 1304 648 1385 Κλέωνι,
677 1295 847 1390 μᾶλλονῆ
875 1303 934 1372 τδν
961 1304 1080 1371 τούτου
1103 1303 1177 1370 υίδν

71 1406 337 1499 ποιησάμενον.
381 1399 591 1492 Εύθυκράτει
619 1404 697 1494 γάρ,
721 1393 747 1470 ὦ
772 1402 904 1494 ἄνδρες,
931 1410 979 1493 τη]
1001 1409 1105 1491 πατρὶ
1126 1409 1175 1491 τῷ
1194 1419 1227 1475 17

69 1505 300 1600 Ἄστυφίλου
323 1507 433 1587 α’ίτιος
452 1511 614 1596 γενέσθαι
636 1510 766 1595 λέγεται
782 1510 842 1574 τοῦ
856 1507 1009 1574 θανάτου
1027 1507 1178 1575 Θούδιπ-

68 1639 148 1694 πος
171 1608 191 1682 ὅ
219 1611 384 1688 Κλέωνος
404 1612 538 1677 τουτουί
566 1608 695 1699 πατήρ,
720 1608 934 1693 αἰκισάμενος
957 1608 1080 1677 ἐκεῖνον
1103 1611 1178 1679 δια-

72 1718 198 1808 φορᾶς
224 1736 321 1790 τινος
344 1705 458 1790 αύτοῖς
479 1716 654 1802 γενομένης
677 1710 712 1779 ἒν
733 1715 774 1803 τῇ
805 1712 939 1801 νεμήσει
963 1716 1024 1781 τοῦ
1043 1720 1177 1804 χωρίου,

72 1820 133 1887 καί
160 1808 282 1893 οὕτως
304 1808 406 1882 αύτδν
429 1815 639 1903 διατεθῆναι,
663 1808 749 1882 ὥστε
772 1814 806 1882 ἐκ
827 1819 894 1882 τῶν
917 1818 1053 1906 πληγῶν
1076 1811 1177 1885 αύτδν

74 1912 334 2007 ύσθενήσαντα
357 1909 395 1983 ού
418 1917 562 1995 πολλαῖς
581 1912 722 2004 ἡμέραις
743 1910 881 2004 ὕστερον
897 1911 1097 1986 ἀποθανεῖν.
1128 1914 1174 1996 ὦς
1191 1933 1228 1990 10

75 2022 112 2091 δὲ
145 2011 258 2089 ταῦτ’
292 2018 383 2086 ἐστὶν
412 2012 540 2109 ἀληθῆ,
570 2018 653 2097 ἰ’σως
680 2018 741 2102 μὲν
769 2021 826 2084 καί
853 2013 1066 2107 Άραφηνίων
1094 2016 1174 2103 [καί]

75 2125 215 2193 πολλοὶ
247 2122 315 2189 τῶν
342 2118 419 2187 τότε
448 2120 739 2209 σογμεωργούντων
766 2118 1013 2207 μαρτυρήσειεν
1036 2114 1076 2186 δν
1105 2144 1174 2203 μοι,

78 2222 280 2314 διαρρήδην
308 2221 344 2289 δέ
373 2224 451 2310 περὶ
481 2221 675 2310 τηλικούτου
698 2220 895 2309 πράγματος
917 2216 975 2289 ούκ
1003 2210 1044 2288 δν
1066 2220 1175 2306 ἔχοιμι

76 2321 186 2406 ὅπως
210 2319 293 2408 ύμῖν
307 2330 553 2414 παρασχοίμην.
590 2326 646 2390 καί
667 2321 729 2412 μὰρ
753 2317 854 2392 αὐτὸν
868 2323 1077 2409 τυπτόμενον
1093 2323 1174 2392 ίδδν

75 2424 263 2515 Ἱεροκλῆς,
285 2420 303 2493 δ
326 2423 365 2493 τὸ
388 2438 613 2514 γραμματεῖον
636 2418 775 2514 φάσκων
789 2420 874 2515 παρ’
893 2425 1001 2514 ἑαυτῷ
1021 2431 1175 2515 τεθῆναι,

79 2523 155 2601 οἷδ’
183 2522 244 2597 ὅτι
266 2519 326 2594 ούκ
348 2517 388 2595 δν
410 2526 585 2616 ἐθελήσειε
604 2532 815 2617 μαρτυρῆσαι
838 2528 971 2598 ἐναντία
999 2543 1075 2607 ταῖς
1100 2529 1175 2596 δια-

78 2632 221 2723 θήκαις
251 2627 304 2708 αίς
333 2621 432 2709 ούτδς
462 2622 658 2719 ἀποφαίνει.
703 2623 818 2714 Ὅμως
844 2635 961 2714 μέντοι
994 2630 1050 2695 καί
1081 2629 1175 2698 κάλει

75 2730 264 2824 Ἱεροκλέα,
286 2731 342 2798 ἵνα
364 2729 515 2798 έναντίον
536 2730 662 2798 τούτων
684 2731 875 2819 μαρτυρήσῃ
897 2721 919 2818 ἢ
942 2728 1152 2816 ἐξομύσηται.

529 2850 739 2910 ΕΞΩΜΟΣΙΑ.

177 2927 344 3022 Ἀκριβῶς
364 2934 424 3020 μὲν
451 2930 559 3024 ᾔδειν·
589 2936 649 3001 τοῦ
669 2931 732 3020 γὰρ
755 2925 857 2999 αύτού
879 2926 1000 3021 ἆνδρύς
1027 2932 1127 3018 ἐστιν,
1150 2933 1223 3004 ἃ10

78 3040 151 3127 μέν
174 3031 278 3119 οἶδεν,
301 3035 517 3121 ἐξόμνυσθαι,
540 3039 607 3104 τῶν
630 3036 666 3102 δέ
687 3033 732 3126 μῆ
755 3039 939 3124 γενομένων
961 3043 1079 3106 πίστιν
1095 3035 1174 3107 ἐθέ-

80 3144 163 3211 λειν
188 3136 366 3206 ἐπιθεῖναι
393 3124 413 3226 ή
436 3137 502 3228 μήν
524 3138 649 3207 εἰδέναι
670 3137 846 3227 γενόμενα·
876 3135 922 3217 ὥς
949 3140 1002 3224 δέ,
1025 3134 1082 3210 ὅτε
1105 3135 1173 3210 ἀπ-

180 3362 208 3414 δ.
226 3363 241 3412 ’ί
259 3355 410 3412 ἐκπλέοντα
426 3358 498 3412 δίνας
520 3356 630 3411 ίκπλιῖν
647 3359 689 3411 τῶ
712 3388 747 3399 -
773 3359 905 3413 θτοῦτον
921 3360 979 3416 And.
1002 3366 1029 3414 et
1050 3361 1120 3428 vulg.
1139 3391 1172 3401 -

78 3441 144 3512 ἤδη
160 3442 238 3497 Alma
254 3439 315 3510 ἤδει
382 3442 425 3500 16.
444 3448 459 3499 δ
477 3436 514 3495 ἂν
530 3443 603 3496 δοκε
621 3439 656 3507 δὴ
673 3472 706 3481 -
725 3446 739 3494 7
759 3440 955 3512 ποιησόμενονε
974 3461 1023 3498 em.
1042 3444 1103 3498 Rsk.

80 3528 132 3587 12.
151 3528 170 3581 2
189 3519 332 3596 ιἰστυφίλω
349 3543 396 3595 pn,
414 3530 506 3582 εοιι.2
524 3557 559 3567 -
576 3530 628 3581 2³
648 3523 817 3582 θούδιπποιε
836 3549 846 3581 ι
863 3530 890 3581 in
907 3532 985 3582 ram
1003 3529 1053 3581 litt.
1072 3545 1135 3583 corr.
1150 3534 1172 3594 1,

81 3630 101 3667 ο
112 3616 133 3667 2
144 3612 175 3666 in
193 3626 243 3665 ns.
262 3627 327 3667 ουπ.
337 3614 361 3678 2,
380 3609 416 3664 θ’
430 3607 592 3666 ούδ..ππ.”ι
608 3629 645 3680 pr.
696 3613 739 3668 18.
758 3615 773 3666 2
791 3609 946 3684 ρᾶφηνίωνε
965 3628 1013 3665 em.
1027 3613 1127 3668 Palmer
1139 3643 1173 3654 -

81 3698 138 3751 καί
155 3695 209 3751 del.
221 3695 270 3754 Bk.
288 3725 323 3736 -—
341 3693 570 3768 θμαρτυρήσειαν
582 3694 659 3749 Schb.
677 3726 709 3735 —
728 3700 744 3750 θ
763 3695 859 3749 ἑαυτοῦ
871 3714 917 3765 pn,
930 3712 993 3751 corr.
1006 3701 1018 3750 1
1031 3725 1067 3737 -
1078 3703 1092 3751 7
1112 3699 1174 3751 ίθι·

80 3778 173 3850 λίμνης
192 3796 241 3835 em.
254 3781 314 3835 Dbr.
332 3810 367 3821 -
385 3785 400 3835 9
419 3783 546 3834 ἐναντίαι
566 3796 613 3833 em.
626 3779 674 3833 Bk.
692 3809 723 3821 -
743 3777 954 3849 ίξομό...σηται
973 3798 1019 3849 μυ,
1038 3798 1102 3836 corr.
1115 3785 1174 3836 2-

85 3870 123 3922 10
141 3867 186 3921 tit
202 3869 353 3937 μαρτυρίαι
372 3882 422 3919 em.
439 3864 511 3919 Turr.
