2550 4478
129 253 190 316 124
615 253 724 309 ΙΣΛΙΟΥ
1125 273 1157 314 or.

127 429 207 514 περὶ
236 425 272 492 δέ
300 428 359 492 τοῦ
381 427 568 502 τεθνεῶτος
597 422 756 506 λέξουσιν,
787 422 954 502 ἐλεοῦντες
976 418 1024 501 ὥς
1053 412 1188 511 ἇνήριλ

128 522 260 615 άγαθδς
283 525 317 594 ἐν
345 530 392 613 τηλ
415 527 554 612 πολέμῳ
582 529 739 614 τέθνηκε,
766 528 823 592 καί
844 517 898 592 ότι
921 517 960 592 ού
984 524 1114 591 δίκαιόν
1135 523 1188 590 ἐσε

127 627 188 706 τὰς
216 627 340 695 ἐκείνου
372 626 538 715 διαθήκας
567 620 707 714 άκύρους
734 627 951 695 καθιστάναι.
1004 624 1068 712 ἐγώ
1095 625 1130 692 δὲ
1149 651 1188 691 κε

129 723 243 812 αύτός,
268 717 294 796 ὦ
318 725 448 817 άνδρες,
477 725 573 812 οἶμαι
599 727 669 795 δεῖν
696 733 810 816 κυρίας
834 724 922 794 εἶναι
944 726 1006 806 τὰς
1032 725 1188 814 διαθήκα,

129 831 168 910 ἃς
197 821 237 899 άν
267 831 403 909 ἕκαστος
433 830 598 916 διαθήται
625 831 705 918 περί
734 833 800 896 τῶν
823 828 959 912 ἑαυτοῦ,
991 831 1074 916 περί
1093 834 1188 913 μέντι

127 938 194 1001 των
217 926 401 1020 ἀλλοτρίων
425 924 462 998 ού
485 937 600 1019 κυρίας
622 927 709 998 εἶναι
731 929 793 1008 τάς
815 929 998 1018 διαθήκας,
1030 922 1143 1018 ὥσπερ
1167 927 1188 995 ἃ

76 1037 114 1093 28
128 1024 196 1119 (όν)
219 1033 355 1111 ἕκαστος
378 1035 538 1121 περὶτῶν
555 1028 657 1099 αύτοῦ
679 1033 853 1120 διαθῆται.
889 1037 997 1100 ταῦτα
1020 1032 1057 1098 δέ
1072 1025 1109 1098 οὗ
1130 1030 1188 1096 τού

128 1160 195 1202 των
223 1130 304 1202 όντα
333 1127 407 1200 ἀλλ’
433 1129 578 1220 ἡμέτερα
606 1140 775 1221 φαίνεται.
819 1126 907 1200 όόστε
936 1123 977 1200 άν
1006 1131 1188 1201 ἐπὶτοῦτο

128 1235 187 1303 τόν
210 1235 307 1322 λόγον
328 1234 519 1324 καταφεύγῃ
534 1237 590 1301 καί
612 1234 783 1324 μάρτυρας
796 1240 985 1324 παρέχηται
1004 1231 1051 1313 ὦς
1074 1235 1188 1303 διέθετι

129 1336 260 1419 ἐκεῖνος,
285 1335 512 1404 ἐπιδεικνύναι
531 1334 678 1404 κελεύετε
701 1337 740 1426 δή
756 1333 874 1414 καλῶς
889 1335 930 1404 τὰ
946 1335 1077 1404 ἑαυτοῦ.
1109 1340 1188 1403 τοῦτο

128 1438 190 1529 γὰρ
214 1438 343 1507 δίκαιόν
366 1437 446 1506 ἐστι.
485 1437 661 1506 δεινότατα
682 1438 746 1529 γάρ
762 1430 832 1525 (άν)
855 1438 1004 1507 πάντων
1015 1444 1149 1525 γένοιτο,
1167 1433 1188 1502 εί

128 1542 322 1631 Κυρωνίδης
343 1541 405 1626 μὲν
419 1543 475 1608 καὶ
498 1534 600 1622 οὗτοι,
624 1536 718 1618 όντες
740 1539 776 1619 ἐξ
799 1539 933 1623 ἐκείνου,
956 1540 1001 1628 μή
1025 1540 1125 1625 μόνον
1144 1535 1188 1604 τόν

127 1646 325 1717 Ξεναινέτου
355 1640 445 1711 οἷκον
477 1645 580 1710 πλέον
612 1631 633 1731 ἢ
665 1640 833 1729 τεττάρων
865 1642 1040 1710 ταλάντων
1071 1641 1186 1721 ἕξουσιν,

128 1738 214 1812 ἄλλά
236 1748 293 1812 καὶ
314 1745 412 1813 τόνδε
433 1743 703 1833 προσλήψονται,
727 1741 790 1830 ἐγώ
814 1743 850 1810 δέ
872 1748 932 1832 τής
960 1743 1087 1834 μητρός
1108 1739 1187 1828 ούσης

129 1854 244 1936 κυρίας
265 1850 322 1913 καὶ
344 1847 379 1913 ἐκ
406 1851 472 1913 τῶν
502 1840 611 1913 αὐτῶν
633 1844 809 1933 Κυρωνίδῃ
838 1851 1052 1935 γεγενημένος
1075 1845 1104 1914 εἰ
1122 1840 1187 1933 μηδὲ

129 1946 188 2014 τόν
210 1951 268 2035 τῆς
289 1946 414 2035 μητρός
435 1942 555 2034 κλήρον
578 1947 742 2034 λήψομαι,
764 1949 941 2015 καὶταῦτα
962 1948 1046 2037 μηδὲ
1069 1946 1187 2030 ἐχόντων

77 2047 256 2116 τετούτων
279 2047 464 2135 ἐπενεγκεῖν
486 2041 570 2135 παρ’
596 2041 675 2115 ότου
703 2041 785 2115 ποτ’
812 2048 981 2139 εἰλήφασι.
1025 2056 1133 2118 καίτοι
1151 2046 1188 2113 δί·

129 2177 234 2233 καιον,
259 2136 285 2217 τό
309 2145 437 2240 άνδρες,
459 2142 574 2237 ὥσπερ
595 2152 663 2216 των
680 2143 985 2240 ἀμφισβητησίμων
1005 2158 1133 2239 χωρίων
1152 2147 1188 2213 δεῖ

129 2252 187 2320 τὸν
211 2242 369 2339 ’έχονταή
396 2241 544 2342 θέτηνή
574 2255 731 2341 πρατῆρα
752 2257 967 2339 παρέχεσθαι
991 2242 1013 2341 ἢ
1034 2249 1188 2319 καταδεδι-

130 2359 293 2437 κασμένον
316 2358 514 2443 φαίνεσθαι,
538 2346 624 2420 ούτω
639 2355 695 2421 καὶ
710 2353 848 2432 τούτους
869 2347 953 2421 καθ>
972 2353 1007 2421 ἐν
1028 2380 1064 2422 τι
1085 2353 1188 2421 τούτων

130 2447 372 2541 ἆποφήναντας
396 2448 504 2521 αότιόν
528 2448 642 2532 άξιοῦν
665 2453 934 2537 ἐπιδικάζεσθαι,
957 2454 1002 2544 μή
1025 2455 1093 2544 πρὸ
1117 2456 1188 2540 δίκης

129 2553 189 2641 τήν
210 2547 428 2641 Ἀριστάρχου
450 2559 637 2642 θυγατέρα,
669 2551 750 2675 ἐμήν
773 2556 809 2623 δέ
829 2562 971 2646 μητέρα,
996 2555 1031 2624 ἐκ
1052 2561 1118 2624 των
1137 2579 1188 2621 πα·

77 2673 115 2732 25
130 2654 247 2742 τρηίων
270 2653 449 2741 ἐκβάλλειν.
495 2648 580 2721 άλλά
602 2654 680 2742 γάρ,
703 2683 730 2722 ω
754 2653 887 2747 ἄνδρες,
917 2651 975 2741 ούχ
1003 2659 1115 2728 ἱκανόν
1135 2656 1188 2724 ἐστι

118 2759 317 2850 ,Ξεναινέτφ
339 2755 397 2824 τόν
418 2749 673 2842 Ἀριστομένους
695 2754 786 2827 οἶκον
813 2759 1188 2850 καταπεπαιδεραστηκέ·

131 2875 196 2943 νἀι,
227 2852 312 2927 άλλὰ
334 2862 389 2927 καί
413 2863 531 2927 τοῦτον
554 2859 663 2928 σἰἐται
685 2861 754 2929 δεῖν
775 2860 834 2929 τόν
861 2855 963 2930 αύτόν
983 2860 1113 2951 τρόπον
1133 2860 1188 2926 διο·

131 2968 256 3032 θεῖναι.
295 2961 357 3049 ἐγώ
375 2956 422 3044 δ’,
438 2948 465 3028 ὦ
482 2957 599 3051 άνδρες
615 2963 780 3051 δικασταί,
793 2969 953 3051 βραχείας
968 2955 1087 3041 οὗσίας
1100 2958 1188 3046 ύπαρ

132 3065 233 3156 ξάσης
256 3058 406 3154 άδελφὰς
427 3064 487 3148 μὲν
511 3063 662 3148 ἐξέδωκα,
686 3058 751 3132 όσα
773 3063 937 3154 ἐδυνάμην
960 3063 1109 3146 ἐπιδούς,
1128 3060 1188 3130 κόν·

130 3192 208 3248 μιον
231 3159 264 3231 δ’
291 3163 433 3250 ἐμαυτόν
463 3171 618 3253 παρέχων
643 3169 699 3232 καί
722 3170 833 3233 ποιῶν
861 3164 904 3232 τὰ
932 3164 1188 3255 προσταττόμενα

130 3267 186 3331 καί
214 3264 275 3341 τάς
304 3271 481 3352 στρατείας
510 3265 771 3351 στρατευόμενος
799 3260 884 3346 άξιω
912 3270 978 3335 τιῦν
1005 3271 1065 3356 τῆς
1086 3259 1188 3355 μητρδί

79 3380 116 3438 2ss
132 3363 298 3453 πατρῴων
327 3363 373 3452 μή
402 3357 688 3454 όιποστερηθήναι.
740 3360 903 3447 άπέδειξα
932 3362 965 3434 δ’
991 3364 1070 3454 ύμῖν
1091 3375 1188 3452 Κυρν-

198 3569 244 3625 22.
263 3571 278 3624 3
297 3565 388 3622 έλέουν
406 3584 452 3637 pn,
471 3586 534 3624 corr.
550 3574 561 3623 1
582 3600 614 3609 -
632 3573 648 3624 9
666 3563 702 3623 ἂν
718 3571 775 3625 add.
788 3570 860 3625 Turr.
931 3569 977 3626 28.
996 3576 1012 3625 2
1029 3568 1140 3642 ὑμέτερα
1154 3578 1188 3633 pru

132 3671 195 3708 corr.
216 3659 227 3708 l
247 3684 281 3694 -
299 3658 315 3709 4
333 3649 368 3719 δὴ
384 3657 431 3705 καὶ
455 3648 491 3707 εῖτ
509 3654 541 3707 de
559 3670 626 3722 meo,
649 3658 695 3706 καί
714 3650 751 3707 ιδτ
768 3655 884 3725 Sauppe:
909 3653 1024 3711 δικαίων
1042 3673 1088 3727 με,
1108 3654 1130 3706 εἰ
1144 3649 1188 3703 ουλε

131 3734 183 3791 δικ.
202 3752 222 3790 ε.
234 3755 259 3791 ν.
272 3739 355 3792 adm
373 3768 408 3778 ·-
426 3742 441 3793 5
458 3736 510 3815 γάρ
528 3754 549 3793 s.
567 3756 592 3793 v.
613 3744 624 3792 1
644 3768 678 3778 -
693 3735 731 3793 οἲν
749 3740 805 3793 add.
824 3740 872 3795 Bk.
889 3770 924 3778 —
942 3744 995 3794 &9
1014 3742 1042 3795 st„
1062 3735 1103 3794 ὢν
1118 3730 1188 3806 κύριοί

131 3851 164 3861 -
181 3827 357 3893 γεγενημένος
374 3841 420 3892 ρο,
438 3844 456 3876 ν
473 3828 629 3895 ροελγεγεν
646 3840 666 3876 ε.
685 3840 710 3876 v·
729 3827 744 3877 2
762 3853 796 3864 -
815 3827 845 3877 ll
865 3825 965 3878 τοῦτον
982 3842 1030 3893 pr„
1048 3841 1111 3879 corr.
1127 3825 1147 3876 2.

130 3904 204 3961 m
222 3900 457 3976 ἀμφισβητήσεων
474 3939 508 3947 -
526 3911 542 3962 3
560 3908 716 3980 πρακτήραι
732 3924 781 3964 em.
794 3908 883 3979 steph.
902 3939 936 3947 -
954 3915 969 3964 5
988 3905 1084 3966 αὐτῶν
1096 3908 1186 3972 Saum

132 3986 215 4043 αύτοῦ
232 3989 364 4045 Schoem.:
384 3986 470 4046 αύτόν
525 3987 599 4048 m
618 3987 644 4044 δ’
660 3992 734 4046 Rsk.:
753 3987 781 4047 τ’
794 4022 829 4034 -
847 3991 1027 4066 πραττόμενα
1043 4012 1090 4064 pn,
1108 3983 1187 4047 τοῖσί·
