2550 4478
116 185 120 194 ’
165 223 205 282 12
648 222 756 276 ιειιοι
1176 239 1213 283 01.
1228 242 1242 283 ι.
1274 289 1275 293 ¹

162 384 184 482 ή
206 398 293 480 γένει
315 399 500 481 προτέρους
529 388 628 470 δ’ντας
656 383 678 481 ή
707 395 748 478 τῇ
778 394 878 480 φιλίᾳ
899 394 941 478 τῇ
963 390 1051 479 πρὸς
1073 390 1133 457 τδν
1155 417 1242 459 τετε-

164 493 352 582 λευτηκότα,
374 491 463 581 ήμάς
485 487 517 560 δ’
544 493 595 572 οἷς
617 491 707 560 ἐστιν
731 487 907 582 ἀμφύτερα
922 496 1028 558 ταῦτα
1043 491 1138 577 παρὰ
1158 492 1242 560 πάν-

164 621 231 663 των
254 592 518 683 ὁμολογούμενα,
549 590 730 674 ἀξιώσαιτε
758 594 881 679 μόνους
910 588 1071 681 ἀκλήροις
1100 599 1242 684 ποιήσαι

164 702 231 764 τιῦν
254 697 388 765 ἐκείνου.

112 807 151 863 39
250 804 319 867 Καὶ
342 801 372 867 εἰ
393 801 453 884 μὲν
476 799 671 885 Πολύαρχος
693 795 710 865 ὁ
735 797 847 886 πατήρ
869 795 886 864 ὁ
911 797 1123 882 Κλεωνύμου,
1149 799 1241 865 πάπ-

165 928 230 981 πος
254 897 285 969 δ’
312 899 480 990 ἡμέτερος,
505 902 568 987 ζων
591 901 743 989 ἐτύγχανε
765 904 902 968 καὶτῶν
919 899 1119 989 ἐπιτηδείων
1135 900 1242 990 ἐνδεής

165 1003 221 1088 ὤν,
236 997 258 1093 ή
274 1006 473 1090 Κλεώνυμος
488 1005 678 1093 ἐτελεύτησε
692 1010 881 1092 θυγατέρας
898 998 1132 1093 ἀπορουμένας
1147 1031 1241 1071 κατα·

166 1107 285 1189 λιπών,
309 1104 404 1196 ήμεῖς
427 1097 468 1172 ἀν
487 1106 544 1173 διὰ
559 1106 619 1193 τήν
636 1100 825 1192 ἀγχιστείαν
839 1109 895 1172 καί
911 1105 969 1173 τδν
984 1105 1133 1173 πάππον
1148 1133 1241 1196 γηρο-

165 1222 302 1296 τροφεῖν
330 1202 587 1295 ἠναγκαζόμεθα
615 1205 755 1284 καὶτὰς
783 1207 984 1291 Κλεωνύμου
1012 1198 1241 1296 θυγατέραςή

165 1311 279 1393 λαβεῖν
303 1302 399 1376 αύτοὶ
420 1322 577 1396 γυναῖκας
599 1298 620 1396 ή
643 1322 768 1396 προῖκα
791 1307 1000 1386 ἐπιδιδόντες
1016 1307 1142 1393 ἑτέροις
1159 1308 1242 1376 ἐκδι-

166 1409 271 1491 δόναι,
295 1413 351 1476 καὶ
373 1403 476 1477 ταῦθ’
502 1407 590 1498 ήμάς
612 1412 668 1477 καὶ
690 1406 710 1499 ή
741 1415 912 1496 συγγένεια
933 1413 991 1476 καὶ
1013 1411 1045 1475 οἱ
1069 1410 1168 1494 νόμον
1190 1413 1244 1477 καὶ

164 1506 184 1598 ή
201 1504 284 1600 παρ’
303 1507 396 1595 ὁμοῖν
413 1511 548 1600 αἰσχύνη
565 1526 678 1580 ποιεῖν
693 1505 871 1600 ἠνάγκαζεν
887 1506 936 1591 άν,
953 1500 1061 1597 ήταῖς
1071 1518 1244 1597 μεγίσταις

113 1627 152 1682 40
167 1612 299 1702 ζημίαις
321 1617 464 1692 καὶτοῖς
479 1613 631 1697 ἐσχάτοις
646 1608 791 1682 ὀνείδεσι
806 1626 1021 1699 περιπεσεῖν·
1045 1612 1075 1679 εἰ
1091 1607 1122 1678 δ)
1144 1607 1244 1677 ούσία

165 1718 381 1805 κατελείφθη,
407 1717 536 1784 δίκαιον
557 1710 720 1805 ἡγήσεσθ’
747 1713 834 1783 εἶναι
855 1715 976 1803 ταύτης
999 1713 1129 1802 ἐτέρους
1150 1710 1244 1801 ήμῶν

164 1820 293 1902 μᾶλλον
323 1821 555 1905 κληρονομεῖν,·
587 1814 645 1885 ούκ
676 1815 741 1902 ἀρα
769 1819 882 1885 δίκαια
913 1811 985 1884 οὐδ’
1021 1813 1098 1900 ύμῖν
1132 1810 1246 1894 αύτοῖς

167 1923 380 2008 συμφέροντα
410 1913 486 1986 ούδέ
512 1935 584 1998 τοῖς
614 1919 729 2003 νόμοις
762 1917 1010 2005 ὁμολογούμενα
1043 1925 1245 2009 ψηφιεῖσθε,

166 2020 196 2086 εἰ
217 2024 285 2086 τῶν
306 2020 366 2105 μέν
386 2025 568 2110 συμφορῶν
582 2019 660 2100 τούς
676 2021 842 2109 ἐγγυτάτω
857 2026 944 2108 γένει
959 2035 1129 2090 κοινωνεῖν
1145 2016 1246 2108 ἀναγ-

164 2121 291 2204 κάσετε,
312 2123 490 2212 χρημάτων
514 2123 550 2191 δέ
571 2125 867 2211 καταλειφθέντων
889 2123 1020 2202 πάντας
1042 2117 1248 2209 ἀνθρώπους

164 2231 384 2315 κυριωτέρους
405 2215 427 2314 ή
450 2225 586 2304 τούτους
608 2224 777 2313 ποιήσετε.

113 2339 149 2393 41
253 2328 327 2416 Χρή
353 2329 398 2411 δέ,
422 2315 448 2395 ὦ
473 2324 604 2417 ἀνδρες,
634 2331 691 2394 καὶ
720 2326 777 2396 διὰ
807 2327 866 2416 τήν
896 2335 1086 2417 συγγένειαν
1107 2333 1164 2397 καὶ
1189 2330 1247 2397 διὰ

165 2428 225 2515 τήν
246 2433 306 2495 τού
329 2430 526 2517 πράγματος
556 2425 735 2517 ἀλήθειαν,
766 2423 852 2519 ὅπερ
880 2445 1026 2513 ποιεῖτε,
1060 2445 1132 2507 τοῖς
1160 2431 1247 2498 κατὰ

164 2534 258 2616 γένος
281 2531 497 2619 ψηφίζεσθαι
518 2533 646 2615 μᾶλλον
674 2522 695 2619 ή
724 2547 796 2611 τοῖς
817 2532 901 2600 κατὰ
926 2532 1091 2620 διαθήκην
1114 2527 1247 2621 ἀμφισ-

164 2635 333 2720 βητοῦσιν.
378 2632 437 2722 τήν
459 2633 596 2720 μὲνγὰρ
612 2639 798 2722 τοῦγένους
817 2635 1004 2722 οἰκειότητα
1019 2633 1144 2712 πάντες
1168 2635 1247 2704 ἐπι-

166 2732 326 2818 στάμενοι
348 2734 529 2821 τυγχάνετε,
553 2740 609 2804 καὶ
632 2731 690 2821 ούχ
713 2738 785 2806 οἷόν
800 2763 837 2804 τε
850 2727 941 2803 τοῦτ’
968 2734 1040 2800 ἐστι
1055 2733 1142 2817 πρὸς
1157 2733 1247 2818 ὑμᾶς

165 2835 383 2922 ψεύσασθαι·
408 2837 574 2926 διαθήκας
597 2834 629 2906 δ’
654 2836 718 2931 ήδη
741 2841 863 2907 πολλοὶ
887 2837 1024 2923 ψευδεῖς
1053 2829 1244 2926 ἀπέφηναν,

163 2942 220 3006 καί
243 2941 276 3006 οί
297 2940 357 3023 μὲν
378 2937 416 3006 τδ
440 2941 605 3030 παράπαν
629 2937 666 3010 ού
682 2946 867 3031 γενομένας,
892 2939 988 3008 ἐνίων
1004 2933 1035 3006 δ’
1056 2932 1114 3006 ούκ
1128 2933 1245 3027 δρθιῦς

165 3142 352 3229 οἰκειότητα
367 3143 427 3233 τήν
442 3142 613 3233 ήμετέραν,
639 3145 689 3223 οἷς
707 3141 803 3231 ἡμεῖς
827 3139 1071 3229 ἀγωνιζόμεθα,
1096 3137 1242 3223 ἅπαντες

164 3243 370 3311 ἐπίστασθε·
393 3245 454 3323 τὰς
477 3247 513 3313 δὲ
528 3245 704 3332 διαθήκας,
729 3243 783 3320 αῖς
806 3238 898 3311 ούτοι
919 3243 1134 3325 πιστεύοντες
1155 3244 1243 3335 ήμάς

162 3446 223 3536 τήν
250 3448 311 3532 μὲν
339 3445 501 3538 ήμετέραν
530 3452 718 3535 συγγένειαν
749 3444 904 3536 εὑρήσετε
929 3451 985 3515 καὶ
1013 3445 1099 3538 παρ’
1133 3445 1240 3518 αύτών

163 3555 230 3617 τῶν
252 3545 429 3619 ἀντιδίκων
445 3547 722 3641 ὁμολογουμένην,
742 3549 803 3628 τὰς
827 3551 863 3617 δέ
886 3552 1052 3640 διαθήκας
1066 3547 1127 3642 ὁφ)
1148 3551 1241 3640 ήμῶν

231 3723 246 3773 3
263 3718 313 3772 τδν
330 3719 414 3781 om.0
433 3751 464 3758 -
483 3725 500 3774 4
517 3719 585 3788 ύμᾶε
602 3723 624 3773 Α
643 3751 676 3762 -
694 3728 709 3776 5
727 3716 873 3784 ἀξιώσεται
892 3739 942 3776 em.
960 3724 1022 3777 coh.
1089 3720 1135 3775 89.
1156 3727 1167 3774 1
1190 3729 1241 3775 Πο-

163 3800 274 3874 λύαρχον
291 3805 357 3856 Mai:
374 3803 509 3876 ναύαρχοι
525 3805 569 3866 ΑΟ
588 3837 620 3845 -
639 3803 654 3858 ὁ
673 3816 731 3860 ante
750 3805 799 3860 Κλ.
818 3824 869 3862 om.
887 3809 909 3858 Α
927 3823 973 3875 pn,
995 3808 1021 3857 in
1039 3823 1063 3858 v.
1083 3806 1140 3857 add.
1161 3809 1182 3857 1.

161 3887 206 3944 4⁰.
226 3892 239 3940 ’ί
259 3886 339 3962 κύρια
357 3889 386 3950 0.
442 3889 485 3944 41.
507 3896 518 3944 1
538 3895 584 3942 καὶ
603 3887 647 3944 διὰ
664 3890 717 3958 τήν
728 3908 803 3966 συγγ.
816 3899 934 3960 suspecta
954 3921 984 3932 —
1005 3895 1020 3944 2
1038 3889 1190 3951 ποιεῖταιλ)
1209 3921 1240 3930 -

163 3974 343 4044 3φηφίζωο
363 4005 395 4013 -
414 3981 429 4029 5
448 3977 598 4029 ίστὶτοῦτο
611 3976 640 4038 Q.
709 3976 755 4031 42.
778 3984 788 4032 1
808 3974 895 4046 ήμιῖτι
913 3993 961 4030 em.
974 3975 1024 4030 Μεὶ
1042 4004 1076 4015 -
1094 3979 1110 4029 4
1127 3969 1240 4042 ἡμῶυΟ
