2572 4476
58 173 79 212 p.
94 161 125 201 37.
327 143 403 195 ΠΕΡΙ
419 143 484 196 ΤΟΥ
501 143 703 199 ΚΛΕΩΝΥΜΟΥ
721 145 858 199 mmor.
1119 140 1137 200 7

57 307 255 400 [ἀρχονίδην]
279 304 493 394 ἀπέπεμψεν.
534 309 588 389 Ὡς
612 300 668 380 οὖν
693 307 805 401 ἀληθῆ
832 316 931 400 λέγω,
959 313 1054 382 κάλει
1076 338 1138 397 μοι
1153 321 1190 377 16

56 413 137 492 τοὺς
160 414 339 501 μάρτυρας.

483 518 707 571 ΜΔΡΤΥΡΕΣ.

136 613 205 684 Ἔτι
235 625 346 685 τοίνυν
380 614 426 695 ως
459 619 492 685 οἱ
524 618 651 685 τούτων
685 619 782 706 φίλοι
814 621 871 684 καὶ
900 622 1138 710 Κηφίσανδρος

57 713 174 806 ἠξίουν
202 725 388 805 νείμασθαι
415 719 476 807 τὴν
504 713 621 787 οὐσίαν
648 723 704 786 καὶ
732 717 770 786 τὸ
794 726 907 807 τρίτον
929 727 1030 809 μέρος
1051 719 1138 810 ἡμᾶς

57 820 145 902 ἔχειν
174 818 335 888 ἁπάντων
363 825 429 887 των
451 822 667 906 Κλεωνύμου,
698 824 753 888 καὶ
781 821 907 890 τούτων
935 848 994 907 μοι
1015 823 1109 892 κάλει
1132 833 1136 902 Ι

53 918 237 1010 μάρτυρας.

487 1028 709 1080 ΜΑΡΤΥΡΕΣ.

143 1122 304 1213 Ἡγοῦμαι
324 1126 384 1209 μὲν
398 1131 517 1208 τοίνυν,
542 1124 568 1191 ὠ
585 1121 711 1214 ἀνδρες,
735 1131 823 1194 πᾶσι
841 1140 913 1206 τοῖς
927 1131 994 1195 τῶν
1008 1128 1137 1216 κλήρων
1155 1140 1189 1194 17

55 1223 337 1316 ἀμφισβητοῦσιν,
353 1221 434 1295 ὅταν
449 1222 654 1318 ἀποφήνωσι
669 1233 759 1318 σφᾶς
774 1224 895 1308 αὐτοὺς
910 1223 1025 1318 ὥσπερ
1041 1227 1137 1318 ήμεῖς

56 1335 113 1397 καὶ
135 1335 184 1416 τῴ
205 1336 291 1416 γένει
312 1336 497 1418 προτέρους
519 1328 619 1410 ὄντας
640 1335 698 1399 καὶ
719 1336 759 1419 τῇ
782 1335 882 1421 φιλίηι
904 1336 944 1419 τῇ
967 1332 1054 1423 πρὸς
1076 1333 1135 1401 τὸν

56 1432 321 1519 τετελευτηκότα,
345 1438 520 1520 περίεργον
543 1431 630 1500 εἶναι
651 1433 729 1510 τοὺς
745 1429 866 1511 ἀλλους
883 1435 999 1520 λόγους
1015 1437 1136 1521 λέγειν·

34 1534 175 1620 ’ἐπειδή
207 1535 243 1600 δὲ
272 1535 398 1600 τούτων
428 1527 608 1620 οὐδέτερον
631 1535 760 1616 ἐ’χοντες
786 1529 880 1601 οὗτοι
901 1537 1051 1619 τολμῶσι
1072 1539 1139 1604 τῶν

59 1631 97 1701 οὗ
114 1636 351 1723 προσηκόντων
366 1630 591 1724 ἀμφισβητεῖν
605 1638 662 1701 καὶ
677 1636 813 1721 ψευδεῖς
831 1636 1141 1724 παρασκευάζονται

58 1737 187 1823 λόγους,
209 1737 375 1822 βούλομαι
395 1742 521 1823 βραχέα
542 1740 599 1804 καὶ
624 1741 707 1826 περὶ
733 1737 860 1805 τούτων
887 1733 996 1807 αὐτῶν
1019 1740 1137 1809 εἰπεῖν.

42 1839 282 1924 ,ἰσχυρίζονται
303 1838 365 1927 γὰρ
387 1852 463 1918 ταῖς
485 1838 675 1928 διαθήκαις,
699 1842 847 1927 λέγοντες
869 1837 916 1920 ιδς
936 1841 1137 1927 Κλεώνυμος
1154 1851 1189 1908 18

797 1944 804 1964 Ι
960 1938 970 1963 )
1004 1944 1012 1964 ἱ
1067 1940 1076 1965 )
1123 1940 1133 1967 2

59 2043 302 2132 ἐπανορθῶσαι
329 2047 385 2111 καὶ
412 2048 599 2130 βεβαιῶσαι
629 2051 747 2133 σφίσιν
764 2040 898 2166 αὐτοῖς)
916 2046 976 2136 τήν
999 2046 1137 2137 δωρεάν.

59 2142 151 2229 υμεῖς
174 2148 210 2213 δὲ
233 2152 421 2213 σκοπεῖσθε
448 2145 509 2224 τὰς
539 2145 707 2234 διαθήκας
734 2145 795 2224 τὰς
822 2173 884 2230 μετ
924 2141 1023 2234 ἀργῆς
1045 2173 1138 2235 γενο-

57 2256 160 2334 μένας
183 2248 310 2335 πότερα
333 2247 422 2325 εἰκός
445 2246 517 2313 εστι
542 2247 754 2333 βουληθῆναι
775 2247 976 2332 Κλεώνυμον
999 2241 1137 2373 ἀνελεῖν,

59 2349 177 2437 ἐπειδὴ
201 2348 288 2436 πρὸς
308 2344 397 2469 ήμᾶς
420 2348 582 2427 οἷκείως’
573 2346 674 2431 έσχεν,
696 2375 716 2439 η
734 2363 871 2418 σκοπειν
892 2343 988 2430 όπως
1010 2351 1059 2419 έτι
1080 2358 1137 2438 βε-

56 2452 233 2539 βαιότερον
260 2447 349 2539 ήμᾶς
378 2444 602 2576 ἀποστερήσει
629 2478 697 2518 των
725 2448 836 2521 αὑτοῦ.
885 2469 957 2534 τοῖς
984 2454 1135 2543 μὲνγὰρ
1152 2459 1189 2516 19

58 2552 173 2633 ἀλλοις
195 2547 403 2621 κάκείνων
375 2580 422 2621 ων
445 2544 486 2621 ἀν
507 2548 723 2641 ὀργισθέντες
750 2555 828 2634 τοδς
855 2556 999 2635 οἰκείους
1022 2551 1136 2645 ἀδική-

59 2680 163 2723 σωσιν
184 2650 322 2744 ὕστερον
343 2658 539 2740 μεταμέλει·
564 2650 658 2723 οὗτοι
680 2657 716 2723 δὲ
732 2655 855 2725 ἐκεῖνον
874 2652 1135 2747 ἀποφαίνουσιν,

59 2758 93 2826 ἓν
116 2753 143 2844 ᾦ
166 2758 253 2845 πρὸς
270 2754 359 2844 ήμᾶς
375 2757 564 2825 οἰκειότατα
581 2757 733 2837 διέκειτο,
755 2760 882 2841 μᾶλλον
896 2764 1054 2843 βεβαιοῦν
1076 2759 1136 2845 τήν

58 2859 226 2946 διαθήκην
252 2857 469 2942 βουλόμενον,
496 2857 537 2943 ἣν
567 2851 779 2943 ὀργιζόμενος
807 2858 1001 2944 ἐποιήσατο.
1051 2852 1132 2925 ὥστ’

58 2962 89 3028 εί
117 2963 174 3027 καὶ
201 2956 299 3047 ἡμεῖς
326 2954 594 3046 ὁμολογήσαιμεν
622 2959 728 3024 ταῦτα
754 2962 810 3026 καὶ
838 2955 934 3043 ὑμεῖς
957 2954 1052 3027 αὐτοὶ
1076 2985 1137 3029 πι-

58 3063 241 3144 στεύσαιτε,
267 3061 473 3145 ἐνθυμεῖσθε
494 3053 549 3129 ὅτι
570 3059 761 3149 παράνοιαν
783 3055 886 3129 αὐτοῦ
906 3061 965 3151 τήν
979 3069 1136 3154 μεγίστην

127 3295 306 3370 δίρχονίδην
324 3299 373 3352 del.
391 3300 450 3352 Dbr.
453 3299 555 3369 ,quod
574 3300 686 3367 explicat
702 3295 803 3367 ἄρχοντι
821 3296 861 3366 δλ,
882 3296 1051 3372 Ἀρχωνίδην
1068 3304 1135 3370 Ald„

56 3382 176 3456 ἄρχοντα
193 3384 325 3437 Jones-
290 3380 537 3455 -ἀπεμεμφινλ
553 3401 601 3454 pr„
619 3400 684 3438 corr.
700 3387 721 3449 1,
738 3379 943 3456 ἀπεπίμφιιῖ)
999 3386 1075 3439 1113
1096 3387 1135 3438 tit.

56 3473 84 3523 in
108 3485 158 3537 mg
176 3469 256 3521 A-
277 3473 419 3522 4τοίνυν.
442 3468 647 3532 τοίτωνίὶ-
669 3465 904 3567 κηφήσανδρονλ,
926 3471 989 3522 item
1007 3471 1049 3533 28,
1067 3469 1136 3520 2-

57 3549 214 3621 5ἦξί.ουο
296 3553 337 3607 17.
360 3550 444 3608 [τὸν
466 3551 661 3625 κλῆρονθ-
686 3538 795 3608 δουτοι
812 3554 874 3608 Bk:
868 3546 1017 3606 ὀῧτω-
1035 3555 1135 3624 Ἰβρα-

55 3643 112 3705 χία.
131 3639 160 3691 Α.
229 3638 272 3694 18.
291 3641 460 3705 λμετεπέμ.
470 3638 623 3706 ..,τοΑρι·
641 3654 705 3692 corr.
724 3643 752 3701 13
770 3640 832 3691 item
850 3639 866 3704 5
884 3640 926 3702 21,
943 3640 1012 3689 4-
1029 3640 1046 3689 4
1062 3655 1136 3708 γινο-

54 3722 230 3792 μέναεΑ-
248 3715 484 3795 ῖάιτοστιρήσειι.
503 3736 553 3774 em.
570 3721 643 3775 Turr.
697 3721 741 3777 19.
759 3716 913 3816 δηλοῖ,
933 3713 968 3786 ἢν
985 3737 1048 3774 corr.
1069 3727 1136 3775 1-

56 3814 122 3876 6sq.
141 3802 341 3878 ὁμολογήσομεν
358 3810 384 3859 et
406 3802 592 3860 πιστεύσοιτεε
610 3821 660 3861 ειη.
676 3804 791 3858 Rek-
809 3787 918 3855 ’ίουτοι
935 3802 986 3870 τὴν
1002 3809 1136 3877 μεγίστην

55 3891 140 3946 αὐτοῦ
158 3892 188 3952 Q.
