2572 4476
60 255 75 294 ‚³-
89 243 125 284 ιε,
209 305 214 311 .
328 223 404 275 ΠΕΡΙ
421 222 485 275 ΤΟΥ
501 222 727 278 ΝΙΚΟΣΤΡΑΤΟΥ
744 221 882 276 ΚΔΗΡΟΥ.
1098 217 1140 282 49

60 408 134 472 ταῖς
162 397 224 461 τοῦ
251 396 437 471 τεθνεῶτος
459 390 642 478 διαθήκαις
663 395 933 481 μεταγραφήναι·
961 385 1056 461 ούδέν
1077 392 1141 481 γάρ

60 499 188 579 μᾶλλον
210 497 244 563 οἱ
266 495 429 583 μάρτυρες
452 493 610 576 εἴσονται,
639 492 670 560 εἰ
692 486 748 579 ἐφ’
775 493 829 572 αἷς
850 493 1038 584 ἐκλήθησαν
1065 495 1140 563 δια-

60 593 195 687 θήκαις,
220 592 319 665 αὗται
342 591 602 686 άποφαένονται.
654 592 761 665 ὁπότε
783 596 820 664 66
840 599 896 663 καλ
917 595 995 675 τοὺς
1016 594 1193 682 buozo-14

61 706 230 787 γουμένως
251 704 541 787 παραγενομένους
564 697 636 766 οἷόν
658 691 691 763 τ’
712 695 803 766 ἐστὶν
826 695 1046 786 ἐξαπατήσαι,
1068 704 1142 779 πῶς

64 796 119 869 οὐκ
142 793 185 869 ἂν
206 798 292 886 ύμᾶς
313 826 350 888 γε
371 799 450 878 τοὺς
470 801 573 890 μηδὲν
595 803 654 867 τοῦ
676 799 875 889 πράγματος
900 798 1034 877 εἰδότας
1055 799 1142 866 πολὺ

66 902 254 991 [μᾶλλον]ί
239 928 323 987 ετοιγ
306 901 456 1028 μότερόν
472 927 525 980 τις
546 901 853 1021 παρακρούσασθαι
875 900 1081 991 έγχειρήσαι,·

146 999 250 1071 Ἀλλά
271 1002 416 1091 μήνκαὶ
439 999 591 1088 ὁνύμος,
614 1029 641 1068 ω
627 990 666 1089 Ι
687 997 873 1091 άνδρες,’
837 1028 896 1072 ουκ
918 1002 976 1070 ἐάν
997 1028 1050 1083 τις
1072 1002 1144 1072 διοι-

69 1112 180 1231 θήται
199 1107 318 1193 μόνον,
348 1112 463 1195 κυρίας
493 1103 580 1174 εἶναι
606 1106 732 1174 κελεύει
758 1105 819 1186 τάς
845 1105 1027 1194 διαθήκας,
1058 1099 1143 1174 ἀλλὰ

71 1207 121 1276 ἐάν
145 1207 181 1276 εύ
204 1211 349 1331 φρονῶν.
393 1213 554 1277 σκεπτέον
585 1205 672 1297 δή(
654 1223 732 1294 υμῖν
754 1213 889 1295 πρῶτον
911 1209 972 1293 μὲν
993 1208 1025 1276 εἰ
1046 1206 1144 1278 έποι·

71 1310 169 1431 ήσατο
200 1309 261 1389 τὰς
289 1310 517 1398 διαθήκας,”
499 1335 619 1379 επειτα
649 1311 680 1378 εἰ
712 1311 757 1398 μή
786 1316 968 1399 παρανοῶν
996 1311 1142 1380 διέθετο.

74 1405 306 1501 άντιλεγόντων
337 1406 418 1479 δΗ
399 1417 492 1502 ημῶν
520 1414 605 1534 μηδὲ
631 1412 669 1481 τδ
700 1414 865 1502 παράπαν
893 1409 1056 1501 γενέσθαι
1082 1412 1143 1491 τὰς
1160 1419 1196 1476 15

75 1513 252 1602 διαθήκας,
276 1513 311 1580 ἐκ
332 1520 423 1592 τίνος
446 1504 486 1580 δν
507 1514 646 1631 τρόπου,
670 1518 701 1580 ει
722 1539 774 1592 τις
796 1519 978 1602 παρανοῶν
1001 1515 1146 1596 διέθετο,

72 1623 209 1714 γνοίητε,
232 1619 313 1703 πρὶν
336 1618 417 1702 περὶ
440 1608 542 1681 αύτυῦ
564 1618 624 1681 τοῦ
646 1616 837 1684 διαθέσθαι
851 1619 1050 1699 πιστεύσεις
1070 1615 1148 1694 τοὺς

70 1715 186 1840 μέν’
151 1742 209 1781 ουν
230 1714 315 1780 κατὰ
338 1713 398 1803 τήν
414 1714 510 1782 δόσιν
525 1707 857 1804 άμφισβητουντας”
839 1720 941 1804 οράτε
958 1710 1039 1785 όσον
1054 1717 1148 1806 ἔργον

71 1816 176 1884 ἐστὶν
186 1816 379 1884 αἰσθέσθαι
401 1842 431 1884 ει
421 1810 562 1940 ’άληθη
582 1819 724 1904 λέγουσι,
747 1818 826 1899 τούς
847 1820 884 1887 δὲ
896 1845 981 1887 κατα
994 1819 1033 1888 τό
1055 1826 1150 1909 γένος

73 1924 203 2007 πρῶτον
225 1919 286 2004 μὲν
309 1913 404 1986 ούδὲν
433 1919 485 1987 δεῖ
510 1919 682 2008 μάρτυρας
703 1919 996 2011 παρασχέσθαι(
969 1949 1016 2003 ως
1039 1920 1148 1992 αύτῶν

74 2019 156 2089 ἔστιν
185 2017 202 2088 ὁ
234 2022 352 2110 κλῆρος
376 2059 420 2069 -
448 2020 543 2109 παρὰ
572 2022 709 2090 πάντων
737 2023 801 2112 γάρ
832 2020 1044 2115 ὡμολόγηται
1076 2039 1148 2105 τοῖς

74 2121 233 2209 ἐγγυτάτω
248 2128 361 2210 γένους
375 2122 418 2190 τὰ
432 2125 493 2190 τοῦ
503 2124 761 2211 τελευτήσαντος
774 2131 952 2211 γίγνεσθαι
962 2162 1015 2209 -,
1028 2126 1147 2194 ἔπειτα
1163 2132 1199 2188 1⁸

75 2225 103 2291 οἱ
125 2225 223 2309 νόμοι
252 2218 290 2292 06
319 2224 422 2310 μόνον
446 2226 479 2291 οῖ
501 2228 582 2313 περὶ
603 2229 670 2302 τῶν
690 2229 794 2311 γενῶν
821 2220 907 2291 άλλδι
935 2229 992 2292 καὶ
1015 2228 1048 2292 οἱ
1070 2229 1150 2313 περὶ

74 2330 134 2393 τῶν
157 2327 283 2394 δόσεων
304 2340 377 2404 τοῖς
400 2330 570 2411 συγγενέσι
591 2329 771 2414 βοηθοῦσι.
825 2326 942 2394 δοῦναι
963 2325 1107 2414 μὲνγὰρ
1129 2323 1147 2394 ὁ

73 2427 170 2514 νόμος
193 2422 304 2495 ούδενὶ
326 2426 365 2515 ἐᾷ
387 2424 429 2492 τά
452 2425 580 2509 ἑαυτοῦ,
611 2425 670 2495 δάν
691 2423 759 2496 ύπὸ
782 2427 891 2517 γήρως
915 2418 937 2518 ή
958 2425 1025 2496 ύπὸ
1049 2428 1148 2497 νόσου

73 2519 178 2616 ήύπὸ
203 2525 404 2621 τῶνάλλων
426 2527 448 2594 6
471 2530 528 2596 καλ
549 2526 643 2613 ὁμεῑς
665 2529 738 2597 ἰ’στε
759 2529 974 2620 παρανοήση·
1003 2529 1089 2599 κατὰ
1112 2532 1149 2599 66

72 2629 106 2698 τδ
130 2637 223 2751 γένος
244 2632 302 2696 καὶ
323 2628 366 2696 τὰ
388 2633 449 2697 τοῦ
463 2625 622 2698 ὁπωσοῦν
644 2631 852 2718 διακειμένου
870 2629 887 2700 ὁ
912 2631 1072 2754 έγγήτατα
1093 2638 1147 2721 γέ-

73 2757 144 2812 νους
175 2726 478 2821 ἀναμφισβητήτως
507 2731 680 2817 λαμβάνει.
727 2737 831 2822 χωρὶς
859 2735 895 2800 δὲ
923 2733 1051 2801 τούτων
1072 2747 1148 2812 ταῖς
1167 2741 1201 2796 11
1239 2763 1243 2768 ·

72 2834 129 2917 μὲν
152 2833 334 2921 διαθήκαις
357 2831 413 2900 διὰ
435 2832 612 2951 μαρτύρωγ
634 2829 721 2916 ὑμᾶς
743 2835 795 2901 δεῖ
809 2837 1000 2912 πιστεῦσαι,
1022 2826 1083 2918 ὑφ’
1103 2826 1150 2898 ῶν

73 2934 119 3003 ένι
140 2936 198 3001 καὶ
221 2931 542 3023 ἐξαπατηθῆναι-
565 2925 603 2998 06
618 2931 681 3018 γὰρ
698 2923 738 2998 δν
752 2919 838 3017 ἦσαν
853 2931 1151 3052 ψευδομαρτυριῶν

72 3034 330 3124 έπισκήψεις-
330 3039 404 3123 ,τή
427 3026 497 3099 δΗ
479 3038 628 3118 αγχιστεέ
629 3057 651 3119 ᾳ
615 3024 750 3099 έΗδι
733 3035 826 3117 υμῶν
842 3024 967 3098 αύτῶν
984 3029 1074 3099 κατὰ
1089 3030 1151 3121 γὰρ

72 3136 149 3216 τούς
165 3137 288 3221 νόμους
303 3140 337 3205 οι
351 3148 518 3255 συγγενεῖς
533 3127 813 3223 άμφισβητούσιν,
831 3131 888 3212 οὓς
902 3129 997 3219 ὑμεῖς
1012 3132 1150 3203 ἐ’θεσθε.

72 3237 158 3328 πρὸς
183 3239 219 3305 δὲ
240 3239 381 3323 τούτοις,
404 3235 430 3302 ῶ
455 3233 580 3327 άνδρες,
604 3261 635 3304 ει
625 3235 772 3322 Ημὸν
739 3261 773 3304 οι
793 3234 878 3304 κατὰ
900 3235 962 3316 τὰς
983 3237 1150 3328 διαθήκας
1166 3251 1203 3309 18

73 3334 362 3430 άμφισβητούντες
376 3337 647 3428 ὁμολογουμένως
658 3340 879 3461 Νικοστράτην
893 3337 1114 3462 επιτήδειοι”
1094 3369 1151 3408 ον-

71 3467 124 3522 τες
147 3442 334 3531 έτύγχανον,
356 3442 394 3509 τὸ
418 3445 478 3528 μὲν
501 3438 634 3532 άκριβὲς
657 3433 778 3510 οὔδ’
756 3470 803 3542 αν.
823 3437 937 3527 ούτως,
961 3437 1052 3528 ὅμως
1073 3447 1151 3525 μέν·

159 3634 175 3684 8
193 3624 407 3699 ἀποφαίνωνται
431 3647 480 3683 em.
497 3630 557 3683 Dbr.
637 3627 680 3681 14.
701 3631 711 3679 1
734 3621 963 3700 ὁμολογουμένους
984 3642 1031 3694 pr.,
1053 3633 1151 3681 corni

73 3743 105 3754 -
122 3720 141 3768 4
158 3711 265 3781 μᾶλλον
277 3715 326 3768 del.
339 3714 372 3766 de
384 3728 442 3767 meo
460 3741 493 3753 -
511 3707 691 3783 έγχειρήσειεν
703 3709 780 3765 Schb.
798 3741 833 3752 -
851 3716 867 3765 6
885 3710 957 3763 εἶναι
968 3711 994 3761 in
1006 3725 1055 3762 ras.
1068 3711 1150 3765 εδδ.1

74 3827 106 3838 ·-
123 3805 138 3852 '1
158 3795 194 3865 δὴ
211 3799 287 3853 Βελιε
306 3793 334 3851 δ’
355 3827 387 3837 -
405 3799 421 3850 8
438 3794 476 3864 μὴ
494 3812 515 3848 s.
526 3812 551 3848 v.
567 3800 578 3849 1
592 3795 677 3858 (initio
689 3796 805 3849 voluisse
816 3794 867 3846 vid.
879 3794 948 3860 μὲν).
994 3792 1038 3846 15.
1057 3797 1072 3847 3
1090 3799 1153 3866 περὶ

76 3898 95 3935 ε.
107 3888 159 3937 v.1
181 3912 214 3923 -
232 3889 250 3938 4
267 3879 506 3952 ἀμ.ισβητοῦνταε
523 3896 570 3947 για,
588 3894 652 3932 corr.
667 3882 689 3934 1.
757 3877 801 3933 16.
820 3882 835 3931 3
852 3877 999 3944 μδνε.ν.1
1020 3905 1053 3914 -
1072 3882 1087 3930 7
1106 3871 1155 3945 άμ-

76 3962 253 4037 φισβητήτωτ
264 3985 311 4036 pr„
325 3983 390 4020 corr.
405 3968 429 4019 2.
480 3963 524 4019 18.
539 3967 551 4015 1
566 3961 591 4014 εἴ
603 3977 666 4016 corr.
679 3964 704 4027 2,
721 3960 749 4013 οἱ
759 3977 797 4028 pr.
810 3991 843 4000 -
861 3965 876 4014 3
895 3954 983 4013 ούτωε
994 3956 1080 4027 ἐφάνη
1092 3961 1154 4013 Rsk.

125 4063 211 4104 luens.
951 4048 968 4098 4
