2572 4476
62 243 83 282 p.
96 232 131 272 49.
331 213 406 266 ΠΕΡΙ
423 212 487 266 ΤΟΥ
504 213 730 267 ΝΙΚΟΣΤΡᾸΤΟΥ
747 215 884 271 mmor.
1101 215 1138 275 51

62 386 163 448 τοῦτο
184 380 248 468 γὰρ
279 383 370 450 οἵτε
392 382 491 469 νόμοι
511 379 718 472 ὑφηγοῦνται
738 387 794 451 καὶ
823 385 1036 454 δικαιότατύν
1058 386 1140 455 ἐστι.

62 484 107 573 μὴ
141 489 260 573 σαφοῦς
290 485 326 552 δὲ
353 480 430 574 μήτ’
458 480 577 564 αύτούς
604 483 664 573 τὴν
693 480 858 575 ἀλήθειαν
886 488 1033 572 εἰδότας,
1055 490 1193 580 μήτεῧδ

61 592 130 654 τῶν
151 586 328 675 μαρτύρων
349 593 410 655 τοῦ
424 587 680 677 τελευτήσαντος
702 588 902 679 ἐπιτηδείων
917 587 1032 677 άντων,
1055 588 1140 661 ἇλλὰ

62 689 241 777 Χαριάδοο
269 695 329 758 τοῦ
355 685 537 779 τάλλότρια
564 693 768 776 βουλομένου
798 694 927 778 λαβεῖν,
955 700 990 761 τί
1019 685 1060 762 δν
1089 697 1140 786 είη

62 791 271 879 δικαιότερον
298 784 319 880 ἢ
346 807 419 871 τοῖς
447 798 615 880 συγγενέσι
636 791 679 859 τὰ
701 797 761 860 τοῦ
784 799 958 882 συγγενοῦς
985 803 1141 886 ψηφίσα-

62 899 169 977 σθαι,·
191 897 247 961 καὶ
268 893 331 981 γὰρ
346 895 376 962 εί
399 896 471 962 οἵδε
485 921 519 963 τι
534 894 679 979 ἔπαθον,
703 890 813 963 ούδενὶ
836 888 876 963 άν
892 894 983 984 άλλφ
1000 889 1022 985 ἢ
1038 904 1141 966 Νικο-

62 996 195 1084 στράτῳ
223 996 266 1063 τά
295 997 424 1064 τούτων
444 996 588 1085 ἐγένετο·
616 997 700 1065 κατὰ
721 997 785 1086 γὰρ
810 997 848 1067 τδ
880 993 960 1067 αύτδ
983 1005 1078 1087 γένος
1100 991 1141 1069 άν

60 1092 279 1187 ἠμφεσβήτει,
303 1093 445 1185 ἆνεψιδς
466 1090 514 1167 οῦν
536 1094 650 1180 αύτοῖς
672 1100 706 1168 έκ
721 1103 977 1192 πατραδέλφων.
1013 1103 1062 1189 μὰ
1076 1098 1137 1170 Δί’
1153 1117 1192 1173 24

61 1195 138 1267 ἀλλ’
157 1196 216 1268 οῦκ
238 1201 329 1268 ἐστιν
351 1198 369 1269 δ
391 1195 517 1290 Ἅγνων
539 1197 612 1270 οὐδ’
636 1199 852 1290 δΆγνύθεος
872 1210 933 1273 τοῦ
951 1205 1140 1296 Νικοστρά-

59 1328 119 1369 του
143 1303 308 1392 σογγενης,
331 1301 377 1384 (ῦς
393 1306 426 1372 οἱ
448 1299 614 1373 ἀντίδικοί
634 1328 749 1395 φασιν,
774 1301 849 1373 ἀλλ’
869 1307 986 1395 ἕτεροι.
1021 1308 1140 1377 ἔπειτα

58 1409 109 1491 τηῦ
131 1406 192 1490 μὲν
212 1406 297 1473 κατὰ
318 1406 378 1495 τὴν
401 1407 495 1475 δύσιν
517 1412 577 1474 τοῦ
598 1408 719 1496 κλήρου
749 1410 883 1492 λαχόντι
904 1415 1139 1499 μαρτυροῦσιν,

61 1503 159 1575 αύτοὶ
183 1510 218 1575 δὲ
232 1508 316 1575 κατὰ
331 1509 369 1575 τὸ
393 1515 487 1594 γένος
502 1503 560 1576 οῦκ
575 1504 906 1598 ἀμφισβητήσουσιν,
925 1514 930 1595 Ι
950 1507 988 1578 οὐ
1010 1511 1072 1598 γὰρ
1093 1513 1141 1590 εἰς

58 1611 160 1676 τοῦτό
183 1636 219 1696 γε
242 1604 360 1688 ἇνοίας
387 1604 523 1698 ἥκουσιν
545 1604 631 1677 ὥστε
654 1612 896 1688 πιστεύσαντες
919 1627 995 1690 ταῖς
1016 1613 1141 1701 διαθη-

56 1736 139 1788 καις
155 1706 260 1789 ούτως
282 1714 408 1800 ῥᾳδίως
421 1713 590 1780 τοσούτων
609 1713 788 1802 χρημάτων
803 1707 1018 1803 ἆφίστανται.
1055 1709 1140 1782 άλλὰ

57 1811 129 1899 μὴν
151 1816 207 1879 καί
230 1811 266 1891 ἐξ
278 1808 325 1880 ὦν
348 1807 442 1881 αῦτοὶ
458 1808 553 1882 οὗτοι
568 1817 709 1902 λέγουσι,
731 1815 851 1883 τούσδε
864 1831 936 1895 τοῖς
954 1822 1141 1904 συγγενέσιν

60 1908 178 1993 αῦτοῑς
200 1914 470 1983 ἐπιδικάσασθαι
492 1922 655 2007 συμφέρει
676 1922 742 1985 τῶν
765 1919 996 2008 Νικοστράτου
1012 1921 1140 2004 μᾶλλον

59 2007 80 2102 ἢ
97 2017 284 2107 Χαριάδην.
323 2018 371 2097 εἷς
391 2017 453 2109 γάρ
468 2018 527 2087 τδν
543 2018 664 2088 λοιπὸν
682 2020 812 2109 χρόνον,
836 2022 866 2095 εἰ
887 2023 948 2106 μὲν
964 2023 1036 2090 οἵδε
1054 2021 1138 2090 κατὰ
1152 2035 1190 2094 25

59 2119 97 2186 τὸ
128 2125 222 2206 γένος
250 2115 538 2211 ἀμφισβητοῦντες
567 2122 735 2211 λήψονται
762 2122 821 2191 τδν
847 2127 979 2210 κλῆρον,
1008 2123 1141 2202 ἐξέσται

53 2227 116 2290 καὶ
137 2223 284 2305 τούτοις,
313 2221 444 2291 ὁπόταν
465 2225 670 2310 βούλωνται,
698 2224 842 2292 κατὰτὸ
866 2231 960 2310 γένος
983 2227 1139 2309 λαχοῦσιν

55 2323 230 2404 ἐπιδεῖξαι
249 2322 329 2411 ύμῖν
351 2321 396 2404 ὡς
411 2320 510 2392 αὐτοὶ
532 2325 691 2413 ἐγγυτέρω
714 2312 799 2413 ἦσαν
821 2329 880 2391 τοῦ
897 2326 1138 2414 Νικοστράτου,

60 2431 115 2494 καὶ
137 2424 184 2506 άς
206 2434 350 2517 Σμίκρου
372 2415 412 2515 ἦν
434 2431 491 2495 καὶ
513 2421 552 2493 οῦ
571 2427 807 2517 Θρασυμάχου·
831 2425 889 2494 ἐὰν
911 2428 948 2495 δὲ
962 2429 1140 2519 Χαριάδης

61 2524 171 2596 αὐτῶν
198 2529 446 2619 κληρονομηση,
481 2523 540 2597 οῦκ
554 2529 664 2609 Ιἐσται
694 2524 804 2599 οὐδενὶ
835 2545 984 2618 συγγενεῖ
1011 2531 1069 2599 ἐπὶ
1096 2532 1139 2600 τὰ

61 2632 292 2721 Νικοστράτου
315 2631 439 2701 ἐλθεῖν.
480 2633 564 2700 κατὰ
588 2633 683 2701 δύσιν
704 2632 768 2722 γάρ
790 2633 923 2717 ἐχοντος
943 2638 1003 2701 τοῦ
1025 2633 1140 2702 ἐπιδε-

61 2739 270 2821 δικασμένου,
293 2742 328 2802 τί
350 2740 535 2824 φανοῦνται
558 2738 707 2822 λέγοντες
720 2736 754 2804 οἱ
767 2735 852 2802 κατὰ
869 2733 931 2822 [τὸ]
953 2741 1046 2821 γένος
1061 2737 1141 2822 λαγ-

58 2840 233 2923 χάνοντες,·

137 2935 245 3026 Ὅπερ
268 2931 309 3006 δν
332 2925 389 3006 οῦν
411 2940 468 3003 καὶ
488 2934 581 3020 ῦμιῦν
604 2936 741 3013 ἕκαστος
763 2930 934 3013 ἀξιώσειε,
963 2938 1062 3000 τοῦτο
1085 2938 1191 3007 καὶυσ

60 3046 212 3112 τουτοισὶ
233 3056 305 3120 τοῖς
321 3046 505 3115 νεανίσκοις
525 3035 746 3122 βεβαιώσατε.
782 3040 990 3121 παρέσχοντο
1013 3027 1046 3101 δ’
1063 3031 1141 3119 ύμῖν

61 3147 232 3233 μάρτυρας
254 3146 390 3230 πρῶτον
411 3140 472 3225 μὲν
494 3135 541 3216 αἶς
566 3133 705 3223 ἀνεψιοί
728 3137 813 3205 εἰσιν
837 3136 871 3204 ἐκ
892 3137 1140 3227 πατραδέλφων

62 3245 302 3333 Νικοστράτου,
325 3243 445 3311 ἐπειτα
468 3242 504 3308 δέ
526 3237 573 3322 ὥς
595 3234 815 3309 ούδεπιύποτε
843 3239 956 3329 ἐκείνῳ
980 3241 1140 3332 διάφοροι

61 3335 156 3436 ἦσαν,
180 3347 230 3415 ἐ’τι
253 3347 366 3414 δὲκαὶ
394 3341 441 3424 οῦς
462 3344 602 3431 ἔθαψαν
624 3344 865 3431 Νικόστρατον,
894 3343 982 3433 πρὸς
1004 3346 1040 3412 δέ
1061 3346 1140 3414 τού-

63 3475 133 3528 τοις
155 3445 202 3527 ιύς
224 3448 400 3537 Χαριάδης
422 3444 536 3515 οῦτσσὶ
559 3441 714 3532 οῦδαμαῦς
741 3440 813 3513 οὔτ’
840 3445 964 3513 ἐνθάδε
985 3441 1054 3512 αὕτ’
1081 3445 1140 3513 ἐπὶ

131 3623 145 3670 ἵ
166 3613 310 3688 ἡγοῦνταιε
329 3633 377 3670 em.
396 3617 514 3670 Schoem.
588 3613 635 3668 23.
654 3619 669 3668 3
687 3607 722 3666 ἂν
740 3613 780 3679 εἴη
798 3615 873 3667 Rsk.:
898 3608 933 3664 ἄν
950 3632 978 3665 τι
995 3643 1029 3651 -
1052 3617 1070 3666 4
1087 3629 1140 3681 φη-

67 3702 201 3770 φί..σδαι
218 3718 267 3771 pr„
286 3704 315 3766 ζι
332 3703 357 3753 in
370 3704 446 3753 mal
467 3731 500 3741 -
519 3704 534 3753 6
553 3701 691 3769 έγένοντοι
710 3715 759 3752 em.
776 3700 824 3751 Bk.
842 3728 876 3739 -
893 3697 940 3751 24.
958 3701 973 3751 3
992 3701 1140 3768 συγγινεῖι;

69 3802 113 3840 em.
132 3788 223 3855 steph.
241 3817 273 3826 —
293 3792 308 3840 9
328 3790 404 3856 φέρει
420 3800 468 3851 pn,
487 3799 540 3851 συμ
557 3785 584 3836 in
596 3799 647 3850 mg.
662 3787 684 3836 1.
754 3782 799 3837 25.
820 3786 831 3834 1
852 3782 875 3832 εἰ
893 3796 957 3833 corr.
973 3785 995 3845 1,
1013 3778 1041 3832 υἱ
1056 3796 1141 3848 pr.-

59 3873 91 3923 ·'1·
108 3876 123 3926 8
141 3868 401 3938 έπιδεδι.κασμε’νου
419 3885 456 3937 pr.
474 3898 507 3910 --
526 3872 541 3922 8
558 3864 590 3920 τὸ
608 3883 629 3919 ε.
641 3885 666 3919 ν.
678 3872 707 3920 1:
725 3867 775 3919 del.
794 3866 869 3917 Fuhr.
927 3863 972 3921 26.
992 3870 1003 3918 l
1024 3869 1069 3916 καὶ
1081 3867 1141 3916 ante

69 3949 144 4020 ὑμῶν
162 3972 182 4010 s.
195 3960 247 4009 v.1
267 3986 300 3996 -
319 3959 335 4008 4
353 3956 451 4006 ἐκεῖνον
467 3983 499 3992 -
519 3956 534 4005 6
552 3946 602 4002 οῦδ
606 3946 613 3967 ¹
633 3946 750 4004 ένθύδεε
769 3966 818 4002 em.
836 3949 883 4001 Bk.

916 4036 953 4087 η*
