2572 4476
167 212 228 275 128
648 215 756 270 ΙΣΑΙΟΥ
1157 231 1191 274 οι.
1206 233 1241 274 ιι.

165 390 335 472 θυγατέρα
362 379 464 451 αὑτοῦ
494 379 693 474 άδελῳιδήν·
729 385 758 452 εἰ
786 386 822 452 δέ
850 411 883 454 τι
914 387 970 452 καί
1005 378 1085 473 αὕτη
1117 384 1242 466 πάθοι,

167 485 337 554 Γλαύκωνι
360 485 401 553 τά
430 481 511 554 όντα
540 485 660 568 ἐδίδου,
691 480 827 574 άδελφηῖ
849 483 922 555 όντι
943 483 1157 576 ὁμομητρίῳ·
1186 490 1242 553 καὶ

131 582 261 654 δταῦτ’
289 588 322 655 ἒν
352 587 596 676 διαθήκαιςέν
579 594 803 677 νέγραψε.χ
783 588 910 677 χρόνων
940 588 975 655 δὲ
1001 588 1244 712 διαγενομένων

166 689 250 775 μετὰ
272 694 378 757 ταῦτα
399 692 616 813 τελευτήνμὲν
599 684 783 775 νΕόβουλί
784 690 852 780 δης,
874 683 1066 778 τελευτᾷδ
1091 685 1245 777 ήθυγά-

166 818 226 882 τηρ
249 792 289 879 ἣν
312 791 495 915 ἐποιήσατο
511 787 602 879 Ἀγνί
603 817 652 874 ας,
676 792 837 878 λαμβανει
859 791 895 859 δ
915 789 974 859 τόν
995 793 1114 913 κλῆρον
1139 798 1169 857 Γ
1166 793 1245 858 λαυ

167 921 232 962 κων
253 893 337 962 κατόι
359 893 419 982 τήν
441 894 616 984 διαθήκην.
653 888 800 982 ήμεῑςδ
819 887 1033 963 οὐδεπώποτ’
1051 886 1246 981 ἠξιώσαμεν
1278 970 1283 977 ,

168 989 423 1085 ἀμφισβητῆσαι
444 996 532 1085 πρός
558 995 619 1074 τὰς
642 995 766 1063 ἐκείνου
789 996 971 1083 διαθήκας,
998 987 1074 1060 ἄλλ’
1100 989 1246 1082 ᾠόμεθα

168 1097 237 1164 δεῖν
259 1101 337 1184 περὶ
361 1102 427 1164 τών
444 1095 545 1165 αὑτοῦ
559 1097 619 1186 τήν
641 1097 765 1165 ἐκείνου
787 1097 919 1187 γνώμην
936 1093 1022 1164 εἶναι
1038 1101 1165 1185 κυρίαν,
1188 1100 1246 1164 καί

166 1198 298 1276 τούτοις
321 1197 522 1283 ἕνεμένομεν.
567 1195 586 1286 5
611 1193 644 1264 δ’
671 1193 874 1284 Εὐβουλίδου
897 1198 1047 1288 θυγάτηρ
1069 1197 1247 1283 μετὰτῶν

168 1293 250 1421 αὕτη
273 1300 556 1386 συμπραττόντων
587 1298 740 1386 λαγχάνει
762 1302 821 1365 τοῦ
846 1299 967 1388 κλήρου
995 1303 1050 1366 καὶ
1080 1300 1248 1386 λαμβάνει

168 1401 330 1490 νικήσασα
351 1399 429 1480 τοδς
450 1400 534 1468 κατὰ
556 1400 616 1488 τήν
639 1395 845 1491 διαθήκην
827 1429 847 1468 α
848 1401 1247 1529 μφισβητήσαντας,εω
1182 1402 1247 1483 ἔξω

167 1503 226 1588 ὲμν
250 1501 333 1571 οὐσα
354 1507 413 1591 της
442 1497 645 1591 άγχιστείας,
679 1502 757 1571 ἓλπί
745 1510 846 1572 σίασα
870 1497 912 1584 δ’,
944 1500 990 1582 ώς
1012 1503 1128 1587 ἔοικεν,
1157 1500 1248 1593 ἡμᾶς

168 1605 255 1693 πρὸς
270 1599 373 1694 αὐτὴν
389 1599 446 1672 οόκ
462 1600 736 1696 άντιδικήσειν,”
717 1633 771 1674 οτι
786 1600 863 1675 οὐδὲ
885 1604 972 1694 πρὸς
994 1604 1054 1683 τὰς
1077 1605 1249 1692 διαθήκας

116 1721 152 1777 1⁰
168 1700 482 1798 ήμφεσβητήσαμεν.
526 1706 622 1797 ἡμεῖς
645 1707 728 1796 δί,’
714 1707 776 1795 εγώ
798 1711 855 1775 καὶ
877 1713 1038 1792 Στρατίος
1058 1710 1113 1774 καί
1138 1714 1247 1796 Στρα-

168 1812 295 1897 τοκλής,
319 1809 435 1899 ἐπειδή
458 1825 530 1890 τοῖς
553 1810 712 1899 ἒγγότατα
733 1815 846 1895 γένους
868 1807 1035 1898 ἐγεγένητο
1052 1808 1206 1888 ἕπίδικος
1229 1806 1246 1876 ό

167 1913 295 1999 κλῆρος,
320 1912 640 2001 παρεσκευαζόμεθα
656 1905 802 1988 άπαντες
824 1911 1013 1997 λαγχάνειν·
1036 1914 1117 1998 πρὶν
1134 1912 1171 1978 δὲ
1193 1937 1248 1998 γε·

169 2017 292 2081 νέσθαι
318 2012 380 2093 τὰς
403 2013 512 2102 λήξεις
532 2017 599 2079 τών
621 2014 722 2079 δικών
742 2009 822 2099 ἡμῖν
849 2015 986 2102 τελευτᾷ
1013 2013 1073 2096 μὲν
1095 2009 1112 2079 ό
1137 2020 1247 2101 Στρα-

168 2121 253 2199 τίος,
282 2119 419 2204 τελευτᾷ
447 2109 478 2182 δ’
505 2110 522 2180 5
546 2115 768 2202 Στρατοκλῆς,
799 2116 960 2199 λείπομαι
991 2108 1024 2180 δ’
1051 2112 1112 2202 ἐγώ
1142 2115 1248 2199 μόνος

169 2222 235 2286 τών
264 2218 349 2308 πρδς
377 2215 507 2304 πατρὸς
529 2205 575 2282 ών
599 2208 742 2303 άνειμιοῦ
763 2229 861 2298 παῖς,
891 2211 919 2304 ηλ
946 2217 1039 2305 μόνῳ
1060 2216 1145 2284 κατὰ
1168 2216 1248 2295 τοὺς

170 2320 290 2404 νόμους
319 2319 461 2406 ἐγίγνετο
494 2314 514 2407 5
542 2321 759 2447 κληρονομία,
790 2318 926 2386 πάντων
954 2315 1016 2408 ήδη
1045 2323 1112 2385 τών
1136 2315 1247 2385 άλλων

169 2419 418 2502 ἐκλελοιπότων,
447 2425 480 2488 ολ
507 2415 628 2489 ταότδν
658 2421 733 2506 ἐμοὶ
760 2448 799 2508 τη
823 2428 993 2544 συγγενείᾳ
1022 2418 1247 2509 προσήκοντες

117 2520 351 2607 Πίτόγχανον.
400 2547 447 2607 την
478 2522 514 2587 δὲ
541 2522 714 2609 γνιόσεσθε
741 2516 854 2602 τοῦθ’,
877 2515 932 2587 ότι
960 2520 1035 2604 ἐμοὶ
1063 2516 1171 2604 μὲν
1154 2546 1246 2647 αγχι-

169 2621 306 2698 στεύειν,
329 2584 452 2701 τοῖςδ’
473 2622 595 2701 ξεκε
596 2649 661 2689 νιον
682 2643 853 2709 γεγονοσιν
868 2646 925 2687 ουκ
947 2608 996 2743 52¹,
1020 2621 1053 2687 ἐν
1074 2621 1125 2699 οίς
1108 2617 1247 2702 ςοότσς

169 2720 294 2845 ήπαῖς
315 2710 373 2812 55,-
396 2716 495 2802 αότδς
518 2720 654 2807 όνόμος
678 2721 828 2811 δηλώσει.
866 2719 903 2787 τό
927 2745 988 2804 ιεν
927 2745 1064 2806 γαρ
1080 2717 1225 2790 εἶναι
1187 2751 1246 2814 την

170 2819 317 2951 άγχιστεί
319 2854 357 2894 αν
382 2820 536 2913 άνεψιοῑς
557 2824 645 2911 πρὸς
667 2821 829 2911 πατρόςι
816 2827 911 2944 μέχρι
934 2815 1084 2907 ἀνεψιῶν
1111 2831 1179 2892 παί
1166 2825 1247 2892 ίδων

170 2925 383 3017 ὁμολογεῖται
405 2927 498 3018 παρὰ
520 2926 672 2994 πάντων·
697 2925 786 2992 εἰδὲ
807 2918 1003 3050 μεθ’γήμᾶς
1032 2924 1152 2994 δι’δωσι
1174 2941 1247 3006 τοῖς

169 3027 341 3119 ἡμετέροις
369 3036 487 3110 παισί,
518 3023 608 3095 τοῦτ
639 3024 701 3118 ήδη
732 3032 891 3094 σκεπτέον
921 3025 1001 3094 ἐστί.
1058 3026 1159 3110 Aa&
1188 3015 1247 3096 οὖν

173 3126 285 3210 αὐτοῖς
307 3131 364 3197 τὸν
387 3131 488 3215 νόμον
510 3134 566 3198 καὶ
590 3125 820 3217 ἀναγίγνωσκε.

255 3244 411 3301 Ν.ΟΜοΣ
460 3233 528 3301 Ἐάν
558 3240 590 3298 δὲ
577 3230 769 3339 ὲμηδιίς
752 3261 770 3315 η
783 3232 881 3338 πρὸς
904 3230 1026 3328 πατρὸς
1046 3235 1152 3315 μέχρις
1176 3231 1248 3299 άνε-

212 3328 299 3399 ψυῶν
323 3325 457 3400 παίδων,
485 3317 562 3395 τοὺς
592 3319 673 3401 πρὸς
694 3316 813 3402 μητρὸς
835 3324 969 3401 κυρίους
998 3319 1079 3383 εἶναι
1101 3315 1183 3383 κατὰ
1206 3318 1248 3386 τά

213 3401 302 3470 αὐτά.

238 3537 264 3594 9.
283 3529 494 3591 4οδδιπώποτ’
507 3552 571 3589 corr.
592 3542 614 3602 l,
633 3531 697 3590 οὐδὲ
714 3532 823 3590 πάσι
844 3553 880 3605 pr.
933 3535 975 3590 10.
996 3539 1007 3588 1
1028 3539 1073 3587 καὶ
1090 3535 1250 3608 ειιιεστρά-

171 3638 265 3675 τιοτε.
283 3639 306 3674 v.
325 3623 340 3673 2
364 3649 397 3658 -
421 3620 699 3692 3παρεσκευάζιντοι
722 3636 770 3674 em.
789 3621 905 3674 ask.-
929 3625 945 3676 6
967 3622 1026 3674 τῶν
1049 3621 1120 3673 Dbr.:
1145 3621 1195 3673 τοῦ
1213 3651 1248 3661 -

104 3723 106 3727 ·
173 3701 309 3807 δταήτδν
331 3708 389 3773 δμοι
414 3704 473 3760 Bk:
497 3703 582 3772 ταότη
605 3725 651 3774 μοι
737 3706 775 3761 ll.
797 3710 807 3760 l
830 3701 993 3778 γνώσεσθαι
1018 3721 1063 3773 pn,
1087 3721 1150 3758 corr.
1174 3709 1189 3758 2
1212 3736 1248 3746 -

107 3784 121 3803 ⁴
171 3785 248 3842 τοῦτ
269 3779 758 3891 χιι,εοιι.1-1.2άγχιττιία
742 3810 776 3856 ην
794 3789 871 3843 Sehb
894 3796 1033 3892 praeeunte
1050 3789 1195 3857 Hirschigio
1214 3820 1248 3830 -

172 3868 253 3927 λαόν
272 3861 304 3939 ἦν
321 3874 370 3927 del.
389 3876 534 3946 Emporium
553 3877 620 3929 idem
639 3880 698 3928 ante
715 3861 749 3941 ἦν
766 3891 790 3927 ν.
804 3878 819 3927 3
837 3875 894 3930 εδδ.
912 3871 1014 3927 052«-
1032 3878 1124 3944 3p0st
1141 3863 1175 3940 ἦν
1196 3882 1248 3930 tres

173 3959 221 4014 litt.
239 3974 341 4024 erasae,
360 3959 408 4013 ruit
427 3956 581 4014 fortasse‘
553 3979 608 4014 ουκ.
