2550 4478
108 249 158 300 W·
339 232 417 285 ΠΕΡΙ
434 233 499 287 ΤΟΥ
515 233 757 288 ΑΠΟΛΔΟΔΩΡΟΥ
776 234 913 288 mmor.
1126 231 1165 294 8³

101 400 224 487 μὲνγὰρ
246 401 306 468 τδν
328 402 458 489 τρόπον
480 403 710 491 ποιησάμενος
732 401 881 491 ιγανεράς
902 407 1084 492 κατέστησε
1105 403 1167 482 τὰς

100 498 184 569 αὑτοῦ
209 503 406 591 βουλήσεις,
437 497 516 572 δ’λον
544 504 583 572 τδ
614 508 754 592 πρᾶγμα
784 503 1009 592 ἐπικυρώσας,
1040 505 1166 572 δόντων

98 597 171 690 αύτῷ
192 608 258 671 τών
282 599 413 689 νόμων·
442 601 460 672 δ
492 599 523 671 δ’
550 604 584 673 έν
616 606 799 694 διαθήκαις
828 605 1058 694 σημηνάμενος
1084 600 1166 694 άδη-

93 707 157 784 λους
178 706 337 796 ἐποίησε,
368 701 414 774 δι’
440 705 458 773 δ
482 709 605 775 πολλοὶ
627 707 833 775 πεπλάσθαι
855 707 1041 795 φάσκοντες
1063 701 1167 787 αύτάς

93 801 307 897 ἀμφισβητεῖν
331 801 464 886 άξιοῦσι
487 808 575 896 πρὸς
596 810 674 887 τούς
695 814 913 899 ποιηθέντας.
956 808 1043 877 ἔοικε
1058 802 1090 875 δ’
1110 803 1167 876 ού-

90 909 133 975 ίὲν
153 904 329 997 προύργου
344 913 445 977 τοῦτο
461 906 565 978 εἶναι·
588 910 728 999 καὶγὰρ
751 904 857 990 οὕτως
880 904 990 978 αύτών
1012 915 1167 1000 ηανερώς

58 1088 60 1101 Ι
88 1017 327 1098 πεπραγμένων
357 1004 449 1096 ὅμως
480 1007 567 1101 ὑπὲρ
595 1016 654 1099 τῆς
687 1013 856 1101 θυγατρὸς
885 1017 945 1102 τῆς
975 1006 1167 1090 Εύπάλιδος

87 1105 192 1200 ἥκουσι
223 1115 307 1203 περὶ
335 1117 403 1181 τών
425 1107 681 1204 Ἀπολλοδώρου
701 1115 880 1205 χρημάτων
903 1115 990 1204 πρὸς
1020 1115 1078 1201 ἐμὲ
1100 1109 1165 1200 άμ-

86 1215 356 1304 ηισβητήσοντες.
403 1214 465 1302 ἐγώ
490 1209 521 1281 δ’
545 1215 575 1283 εί
597 1217 658 1300 μέν
680 1216 793 1306 ἑώρων
815 1213 901 1302 ύμάς
922 1221 1050 1302 μᾶλλον
1074 1212 1200 1286 ἄπο-8

87 1317 276 1401 δεχομένους
297 1315 361 1395 τὰς
384 1317 625 1405 διαμαρτυρίας
646 1309 668 1406 ἢ
690 1319 752 1397 τάς
767 1313 972 1401 εὖθνδικίας,
995 1311 1056 1387 κάν
1078 1322 1165 1405 μάρ-

58 1508 60 1515 Ι
86 1443 177 1507 τυρας
192 1410 438 1507 προύβαλόμην
457 1417 502 1506 μὴ
519 1417 671 1487 έπίδικον
693 1416 779 1487 εἶναι
794 1419 853 1488 τδν
867 1423 985 1508 κλῆρον
1002 1419 1048 1500 ώς
1063 1447 1165 1508 ποιη-

89 1526 223 1604 σαμένου
246 1545 291 1605 με
313 1519 388 1588 υίδν
403 1514 660 1605 Ἀπολλοδώρου
683 1521 767 1588 κατὰ
782 1521 861 1598 τούς
883 1522 1020 1605 νόμους·
1045 1521 1162 1607 ἐπειδὴ

88 1615 112 1686 δ’
129 1616 166 1689 ού
192 1621 371 1713 διαφεύγει
386 1620 428 1687 τά
450 1623 564 1689 δίκαια
586 1620 631 1709 μὴ
656 1616 694 1686 ού
710 1625 765 1688 καὶ
780 1626 899 1688 τοῦτον
916 1621 1165 1708 γιγνώσκεσθαι

89 1722 138 1791 τὸν
157 1723 298 1813 τρόπον,
322 1726 380 1790 καί
402 1718 486 1812 παρ’
505 1719 584 1807 ύμῖν
608 1716 722 1798 αύτοῑς
742 1715 811 1810 ἥκω
835 1722 1069 1807 διαλεξόμενος
1084 1727 1164 1810 περὶ

89 1828 143 1892 τών
163 1830 425 1913 πεπραγμένων,
447 1826 503 1893 ἵνα
525 1824 691 1912 μηδεμίαν
706 1819 785 1911 Ιἡμῖν
802 1824 913 1891 αἰτίαν
936 1827 1013 1912 περὶ
1037 1828 1095 1891 τοὺ
1117 1823 1162 1912 μὴ

90 1927 266 2008 βούλεσθαι
290 1927 406 1995 δοῦναι
430 1928 523 2016 δίκην
546 1926 703 2015 τοιαύτην
726 1925 944 2015 ε’πιιγέριυοιν.
990 1921 1200 2006 άποδείξωλ

92 2027 120 2093 δέ
144 2025 190 2106 ώς
219 2021 259 2095 ού
289 2024 394 2109 μόνον
425 2024 484 2095 ἐπὶ
509 2042 582 2106 τοῖς
612 2027 778 2116 ἐγγυτάτω
810 2034 925 2116 γένους
951 2029 1010 2096 τὸν
1044 2031 1163 2117 κλῆρον

92 2122 339 2214 Ἀπολλόδωρος
361 2121 399 2194 ού
422 2133 655 2209 καταλέλοιπε,
679 2129 791 2195 πολλὰ
806 2135 862 2196 καὶ
886 2129 978 2197 δεινά
1001 2127 1069 2196 ύπδ
1085 2131 1164 2195 τού-

58 2268 60 2279 ·
92 2255 144 2298 των
166 2225 328 2320 αδικηθε
328 2255 355 2311 ς,
314 2222 465 2297 ίάλλά
488 2259 545 2298 και
560 2255 660 2315 ιυςε
651 2230 717 2296 ιδ’
703 2230 888 2316 εποιήσατο
912 2228 1102 2309 δικαίως,”
1082 2255 1163 2296 οντα

94 2324 293 2451 δδελφιδούν,
316 2335 374 2399 καὶ
394 2332 523 2419 μεγάλα
546 2327 837 2420 εύεργετημένος(
823 2356 868 2419 οφ
899 2328 1006 2418 ἡμῶν.
1043 2331 1163 2415 δέομαι

58 2478 60 2485 -
94 2430 153 2499 δλί
136 2439 240 2521 υμών,
263 2461 291 2500 ω
276 2421 443 2554 ἄνδρες,
466 2434 604 2501 πάντων
626 2429 797 2518 δμοίως’
769 2427 901 2499 εύνοιάν
916 2437 953 2499 τί
974 2459 1035 2517 μοι
1050 2460 1163 2523 παρα-

94 2551 176 2620 σχεῖν,
199 2526 262 2603 κάν
285 2534 395 2602 επὶ
360 2561 418 2602 τον
433 2537 551 2622 κληρον
567 2528 768 2615 άναιδώς’
731 2558 852 2613 αοτους
867 2534 981 2614 ιύντας
996 2534 1161 2623 ἐξελέγχω,

92 2640 218 2726 βοηθεῖν
249 2664 312 2723 μοι
338 2636 381 2703 τά
409 2638 533 2706 δίκαια.
584 2631 829 2724 ποιησομαιδ
855 2634 902 2716 ώς
928 2629 969 2706 άν
977 2631 1081 2762 κάγω
1069 2636 1162 2703 δύ-

94 2762 187 2825 νωμαι
211 2739 269 2807 διὰ
290 2738 506 2826 βραχυτάτων
527 2764 606 2816 τους
629 2738 755 2827 λόγους,
780 2733 855 2817 ἒ’ξ
837 2744 939 2827 αρχῆς
962 2736 1009 2816 ώς
1032 2738 1161 2821 ἔχειτὰ

92 2841 238 2927 γενόμενα
261 2837 468 2908 διδάσκων’
449 2845 546 2927 υμᾶς.

163 2938 316 3020 Εύπολις
336 2942 410 3030 γάρ,
432 2970 459 3009 ω
446 2928 610 3030 άνδρες,
633 2943 690 3007 καὶ
714 2939 908 3060 Θράσυλλος
929 2940 986 3004 καὶ
1008 2936 1196 3057 Μνησωνσ

92 3029 263 3133 ύδελφοὶ
242 3067 330 3111 ισαν
352 3040 429 3129 δμοι
430 3070 553 3132 ιητριοι
568 3069 622 3109 και
639 3037 856 3130 ὁμοπάτριοι.
896 3039 1028 3118 τούτοις
1042 3031 1161 3106 ούσίαν

90 3136 233 3234 δπατὴρ
254 3147 414 3212 κατέλιπε
436 3138 623 3233 πολλήν,
603 3140 690 3211 ώστε
712 3145 768 3211 καί
798 3140 1041 3229 λειτουργεῖν“
1023 3164 1162 3208 εκασιον

88 3236 265 3324 ύξιοῦοθαι
293 3273 364 3334 παρ
367 3242 491 3331 ”ύμῖν.
542 3247 664 3336 ταύτην
693 3245 812 3314 ἐκεῖνον
840 3258 930 3334 τρεῖς
959 3239 1053 3323 άντες
1075 3242 1161 3314 ενεί-

84 3372 187 3429 μοντο,
206 3347 296 3434 πρὸς
318 3341 490 3437 άλλήλοις.
535 3348 660 3416 τούτων
685 3348 744 3416 δύο
763 3347 977 3438 ἐτελεύτησαν
999 3350 1078 3436 περὶ
1101 3347 1160 3415 τδν

145 3552 173 3611 2.
191 3547 409 3609 ὅπεπλάατθαι
426 3568 480 3648 ογ.
533 3549 560 3606 3·
580 3554 604 3604 ’λ.
623 3555 638 3605 3
657 3552 707 3617 leg.
725 3545 894 3624 μάρτυρα-
912 3556 927 3604 5
946 3554 992 3602 καλ
1012 3547 1071 3600 Bk:
1089 3545 1159 3598 κατά

78 3667 111 3676 ·-
128 3643 144 3695 6
161 3638 208 3693 καὶ
224 3638 275 3691 del.
288 3636 361 3697 θοις
380 3628 449 3706 παρ’
464 3629 539 3702 ύμῖν,
556 3627 637 3687 αύτδε
655 3635 732 3702 idem,
750 3630 832 3688 αάτὶε
850 3651 908 3688 cum
925 3635 987 3688 Rsk.
1004 3626 1157 3698 -λδμῖνε

79 3739 126 3778 em.
138 3723 201 3776 Rsk.
255 3723 282 3778 4.
299 3721 355 3775 lss.
372 3716 553 3781 λπιδιίξω-
571 3721 687 3790 5μέγα.
705 3735 755 3773 em.
766 3720 876 3773 obn-
894 3716 1100 3788 Ίίξιλέγχομεν
1112 3733 1159 3783 γι,

74 3825 140 3863 corr.
156 3813 221 3861 l-
241 3810 265 3861 8.
278 3801 478 3873 9δύναμαι-
444 3802 556 3858 -τοδε
572 3820 594 3857 ιι.
605 3820 628 3856 v.
640 3808 663 3858 1.
719 3804 747 3858 δ
765 3801 892 3856 3ιιατέλ.
901 3821 999 3854 ma·-
964 3797 1158 3854 -δταύτων

74 3888 125 3947 δνο
143 3889 338 3957 ἐτελεύτησαν
343 3889 467 3957 Scaliger,
483 3886 592 3942 τούτων
609 3887 651 3941 τώ
669 3866 717 3940 δύ’
730 3878 949 3951 ,ίτιλαυτησάτην
967 3881 1026 3938 Bk..
1049 3880 1158 3936 τούτων

71 3974 135 4032 δυο.
145 4016 160 4051 ⁰⁴
172 3973 460 4042 τελευτησάντωνρι,
476 3970 586 4027 τούτων
601 3990 662 4026 των
679 3989 712 4025 ex
729 3970 837 4023 τούτων
854 3983 918 4023 corr.
939 3973 951 4021 l
1030 3993 1033 3997 ’

917 4053 949 4105 5*
