2550 4478
10 242 15 279 ι
57 247 111 300 με,
274 225 352 280 ΠΕΡΙ
368 222 432 277 ΤΟΥ
449 222 711 279 ΦΙΛΟΚΤΗΜΟΝΟΣ
728 226 866 280 uapor.
1072 225 1112 288 ίδ

53 423 133 482 τερον
153 411 225 464 τοῖν
246 396 387 463 παίδοιν
409 392 469 461 ἐπί
490 393 603 482 ῥητοῖς
625 393 786 482 εἰσήγαγε,
811 400 872 463 τοῦ
894 396 931 463 δέ
952 402 1113 485 νεωτέρου

49 495 101 586 ήδη
118 497 292 584 γεγονότος
314 495 391 562 οὐδέ
412 494 510 580 λόγον
527 493 676 563 ἐποιεῖτο
701 494 820 575 ζῶντος
838 497 844 581 Ι
865 499 1114 587 Φιλοκτήμονος

52 595 112 666 οὐτε
131 598 221 688 πρὸς
243 592 345 665 αὐτόν
367 595 490 663 ἐκεῖνον
513 592 588 663 οὐτε
610 595 698 684 πρὸς
712 595 789 675 τοὺς
811 597 953 679 οἰκείους
960 629 971 683 ‚·
993 600 1051 679 οὐς
1073 601 1112 669 σύ

49 705 92 768 νῦν
112 699 296 788 διαρρήδην
316 696 568 786 μεμαρτύρηκας
588 705 744 787 γνησίους
766 695 853 766 εἶναι
880 703 937 767 καὶ
957 701 1114 790 κληρονό-

45 827 115 886 μους
141 804 211 868 τῶν
239 794 462 888 Εὐκτήμονος.
520 801 634 865 Ταῦτα
661 806 772 867 τοίνυν
800 796 847 879 ὥς
876 795 989 891 ἆληθή
1019 805 1112 889 λέγω,

45 896 260 989 ἀναγίγνωσκε
280 900 344 979 τὰς
364 906 559 987 μαρτυρίας.

461 1020 692 1073 ΜΑΡΤΥΡΙΑΙ.

114 1101 220 1171 Μετὰ
246 1106 355 1170 ταῦτα
380 1107 492 1169 τοίνυν
514 1098 531 1169 δ
558 1103 777 1191 Φιλοκτήμων
805 1108 1012 1194 τριηραρχῶν
1032 1107 1112 1191 περὶ
1129 1121 1165 1178 27

38 1211 118 1273 Χίον
152 1199 367 1292 δποθνήσκει
398 1199 466 1271 ὗπδ
499 1207 567 1270 τών
595 1207 784 1289 πολεμίων·
818 1202 836 1274 o‘
867 1199 898 1272 δ’
934 1200 1114 1295 Εὐκτήμων

37 1299 169 1395 ὕστερον
187 1304 299 1393 χρόνῳ
320 1303 409 1393 πρδς
423 1302 501 1382 τούς
522 1304 683 1393 κηδεστὰς
705 1303 800 1374 εἶπεν
818 1299 872 1375 ότι
891 1307 1048 1391 βούλοιτο
1070 1305 1113 1375 τὰ

36 1405 117 1496 πρὸς
138 1405 199 1474 τδν
221 1406 297 1475 υἱόν
326 1407 360 1474 οἱ
381 1411 601 1494 πεπραγμένα
628 1407 764 1495 γράψας
785 1413 1014 1476 καταθέσθαι.
1057 1412 1113 1476 καὶ

36 1505 52 1576 δ
71 1509 132 1594 μέν
150 1508 392 1596 Φανόστρατος
407 1505 540 1577 ἐκπλεῖν
555 1509 671 1593 ἔμελλε
684 1514 890 1596 τριηραρχῶν
905 1510 990 1594 μετὰ
1009 1520 1114 1593 Τιμο-

36 1616 125 1693 δέου,
147 1613 206 1677 καὶ
228 1606 248 1698 ἡ
273 1613 352 1689 ναῦς
373 1601 464 1695 αὐτῷ
488 1607 628 1696 ἐξώρμει
650 1615 868 1692 Μουνιχίασι,
898 1614 954 1676 καί
976 1607 994 1677 δ
1017 1610 1113 1699 κηδε-

36 1711 111 1800 στής
130 1716 288 1798 Χαιρέας
309 1708 429 1797 πορών
452 1711 716 1776 συναπέστελλεν
739 1704 854 1777 αὐτόν·
885 1706 902 1778 δ
930 1705 962 1778 δ’
990 1706 1114 1799 Εὐκτή-
1148 1770 1151 1777 .

35 1839 101 1897 μων
114 1811 329 1902 παραλαβών
342 1835 437 1890 τινας
450 1803 528 1899 ήκεν
543 1804 582 1878 οὗ
605 1810 747 1899 ἐξώρμει
761 1807 781 1902 ή
798 1817 887 1894 ναῦς,
909 1815 966 1880 καί
980 1811 1115 1901 γράψας

37 1914 208 2004 διαθήκην,
232 1906 289 2003 ἐφ’
316 1911 368 1991 οίς
389 1911 543 2000 εἰσήγαγε
563 1911 623 1979 τόν
645 1915 764 1997 παῖδα,
787 1920 1009 1983 κατατίθεται
1030 1912 1115 1999 μετὰ

35 2015 157 2084 τούτων
178 2013 276 2104 παρὰ
292 2013 494 2101 Πυθοδώρῳ
509 2020 682 2103 Κηφισιεῖ,
705 2017 909 2108 προσήκοντι
924 2010 1024 2104 αὐτῷ.
1057 2020 1112 2084 καί
1125 2036 1163 2093 2ss

37 2109 85 2185 δτι
104 2122 176 2201 μέν,
200 2103 227 2182 ιύ
251 2111 378 2201 ἄνδρες,
401 2109 458 2198 οὐχ
481 2111 527 2193 ιδς
548 2120 628 2204 περὶ
650 2125 794 2206 γνησίων
810 2118 973 2206 ἔπραττεν
989 2117 1114 2204 Εὐκτή-

37 2243 111 2300 μων,
142 2217 161 2286 δ
184 2210 384 2304 Ἀνδροκλῆς
412 2216 655 2307 μεμαρτύρηκε,
683 2222 740 2287 καὶ
769 2213 848 2285 αὐτὸ
879 2223 977 2285 τοῦτο
1001 2215 1113 2284 ἱκανόν

37 2319 222 2408 τεκμήρων·
251 2331 324 2396 τοῖς
345 2316 408 2406 γὰρ
431 2318 531 2407 φύσει
552 2320 660 2387 υἱέσιν
683 2317 784 2387 αὐτοῦ
806 2313 916 2398 οὐδεὶς
946 2313 1054 2386 οὐδενὶ
1078 2317 1112 2386 έν

39 2419 177 2510 διαθήκη
201 2420 325 2509 γράφει
349 2418 443 2488 δόσιν
459 2413 627 2505 οὐδεμίαν,
652 2421 741 2489 διότι
756 2417 774 2488 δ
791 2421 893 2507 νόμος
909 2415 1010 2502 αὐτὸς
1025 2416 1113 2491 ὐπο-

39 2521 150 2589 δίδωσι
172 2526 223 2609 τη]
245 2523 312 2588 υἱεῖ
333 2520 375 2587 τὰ
389 2525 450 2588 τοῦ
464 2522 594 2610 πατρὸς
609 2527 663 2590 καὶ
681 2517 757 2591 οὐδὲ
779 2524 970 2593 διαθέσθαι
985 2525 1024 2615 ἐᾷ
1045 2519 1112 2614 ότῳ

40 2613 74 2688 δν
94 2610 159 2691 ὦσι
182 2624 306 2701 παῖδες
327 2623 468 2710 γνήσιοι.

113 2730 281 2810 Κειμένου
304 2725 341 2792 δὲ
362 2728 422 2792 τοῦ
442 2733 670 2813 γραμματείου
694 2726 810 2810 σχεδὸν
826 2721 877 2794 δύ’
896 2728 952 2817 έτη
974 2732 1031 2795 καὶ
1052 2733 1111 2795 τοῦ
1125 2744 1163 2800 2⁹

40 2831 181 2915 Χαιρέου
203 2826 483 2915 τετελευτηκότος,
506 2823 793 2906 ὑποπεπτωκότες
814 2829 885 2894 οἵδε
912 2832 953 2915 τῇ
977 2822 1112 2913 ἇνδρώ-

40 2952 95 3014 πηι,
117 2930 173 2995 καὶ
197 2924 343 3016 δρῶντες
366 2921 597 3013 ἀπολλύμενον
619 2928 677 2995 τόν
694 2925 783 2995 οίκον
799 2931 855 2994 καὶ
877 2926 914 2993 τὸ
938 2931 1040 3014 γήρας
1054 2931 1111 2994 καὶ

41 3025 88 3115 τήν
109 3025 231 3098 ἄνοιαν
244 3033 305 3095 τοῦ
320 3023 538 3117 Εὐκτήμονος,
561 3024 616 3096 ότι
638 3029 688 3116 ε’ίη
713 3022 826 3106 αὐτοῖς
849 3026 942 3115 ἱκανή
965 3022 1111 3116 ἀφορμή,

44 3136 317 3199 συνεπιτίδενται.
350 3133 407 3198 καὶ
429 3135 565 3219 πρῶτον
586 3132 646 3216 μὲν
661 3135 825 3197 πείθουσι
843 3128 901 3196 τὸν
917 3123 1111 3219 Εὐκτήμονα
1123 3149 1163 3207 ιο

44 3227 88 3317 τήν
113 3234 176 3317 μὲν
211 3232 380 3322 διαθήκην
408 3228 536 3300 ἀνελεῖν
569 3229 616 3310 ὥς
644 3226 682 3299 οὐ
712 3236 876 3321 χρησίμην
906 3218 1008 3299 οὐσαν
1040 3246 1113 3312 τοῖς

45 3341 144 3401 παισί·
175 3337 236 3421 τής
263 3332 327 3422 γὰρ
355 3337 503 3423 φανερᾶς
533 3328 650 3413 οὐσίας
680 3327 799 3401 οὐδένα
826 3334 939 3423 κόριον
969 3335 1112 3404 έσεσδαε

46 3434 287 3522 τελευτήσαντος
302 3428 512 3524 Εὐκτήμονος
527 3431 628 3502 δι’λλον
642 3425 664 3523 ή
686 3434 747 3513 τὰς
761 3442 950 3525 θυγατέρας
964 3440 1020 3502 καὶ
1034 3435 1113 3513 τούς

49 3527 216 3604 δετοότων
238 3536 431 3623 γεγονότας·
456 3536 486 3604 εἰ
509 3538 545 3603 δὲ
567 3530 779 3622 ὐποδόμενός
800 3565 835 3605 τι
848 3544 915 3606 τών
931 3534 1037 3605 όντων
1052 3530 1112 3622 ἆρ-

47 3633 140 3724 μίριον
162 3640 357 3725 καταλίποι,
386 3642 484 3705 τοῦτο
512 3643 659 3724 βεβαίως
681 3637 765 3717 ἕξειν
789 3634 917 3717 αὐτούς.
966 3632 1110 3717 ἀκούσας
1125 3656 1162 3712 81

113 3790 159 3846 26.
177 3796 193 3845 δ
212 3786 395 3861 δισρίρρήδην.
465 3791 508 3846 22.
528 3796 551 3845 ί.
571 3795 586 3845 2
605 3791 650 3844 έπὶ
667 3797 728 3858 γίον
746 3809 792 3859 ρο,
811 3808 873 3845 corr.
894 3796 905 3844 1
927 3819 961 3830 -
980 3794 996 3844 6
1012 3811 1110 3859 μουνυ·

10 3896 12 3955 η
49 3867 117 3926 We:
135 3891 185 3929 em.
198 3874 270 3942 Rflk,
282 3876 340 3940 Bk,
352 3877 512 3931 Πολι-10
525 3881 659 3948 κωγησιεῖ
669 3894 716 3944 pn,
729 3893 791 3930 corr.
808 3880 829 3930 l.
871 3870 1076 3931 28.333k.:‹‘›.

48 3944 101 4008 ἵλλ
117 3955 174 4011 οἵδε
187 3975 252 4014 corr.
264 3963 287 4028 1,
299 3956 350 4026 ἤδη
360 3977 397 4028 pr.
444 3959 489 4016 3⁰.
499 3966 515 4015 4
527 3957 610 4014 ἄλλον
622 3962 647 4014 in
661 3977 711 4015 ras.
723 3961 781 4014 add.
796 3964 807 4014 l
821 3989 855 4001 —
868 3966 883 4015 6
895 3959 982 4014 καταλ
991 3965 1062 4014 ,ίποι
1073 3966 1109 4028 p'r.
