2572 4476
50 147 60 175 2,
136 130 206 181 m.
468 113 546 167 σενι
562 114 781 169 τοικινααοτ
799 115 938 170 κουροι.
1199 112 1242 175 99

55 288 74 329 ³²
138 284 223 369 περὶ
256 275 370 371 αὐτῆς
399 282 606 370 ἐγίγνωσκον.
656 278 713 351 ὅτε
733 283 796 371 γὰρ
825 280 842 351 ό
867 282 978 373 πατὴρ
1007 278 1110 373 αὐτὴν
1138 284 1241 371 ἐλάμ-

139 389 243 469 βανε,
279 384 417 471 γάμους
443 386 592 453 εἱστίασε
619 388 676 454 καὶ
705 385 840 453 ἐκάλεσε
870 400 960 473 τρεῖς
989 383 1091 454 αὑτοῦ
1120 391 1241 477 φίλους

50 513 75 566 '·.'
141 484 332 572 μετὰτῶν
356 483 461 554 αὑτοῦ
481 487 727 578 προσηκόντων,
750 502 823 567 τοῖς
835 513 873 555 τε
888 488 1052 577 φράτερσι
1073 493 1239 579 γαμηλίαν

50 615 85 651 ῑ-.
144 588 324 677 εἰσήνεγκε
345 587 432 655 κατά
457 588 537 667 τοὺς
566 589 698 658 ἐκείνων
728 590 858 676 νόμους.
903 592 942 657 αἳ
967 616 1003 657 τε
1028 606 1179 677 γυναῖκες
1200 595 1265 662 αἱ]

50 714 91 773 τρες
143 694 209 758 τῶν
235 691 403 780 δημοτῶν
424 690 508 775 μετὰ
522 696 629 760 ταῦτα
644 692 847 780 προόκριναν
863 687 965 779 αὐτὴν
985 692 1070 777 μετὰ
1085 698 1144 779 τῆς
1155 701 1240 761 Διο-

52 816 92 856 ωι
145 797 265 873 κλέους
288 793 449 916 γυναιηός
470 798 529 862 τοῦ
551 801 693 874 Πιθέως
716 792 828 883 άρχειν
850 795 898 874 είς
925 794 992 881 [τὰ]
1017 797 1239 920 Θεσμοφόρια

50 906 95 977 μ’
145 899 198 965 καλ
223 909 349 964 ποιεῖν
370 895 415 962 τὰ
436 896 636 982 νομιζόμενα
650 922 713 981 μετ
716 891 881 987 ’ἐκείνης
919 890 989 965 ότε
1006 923 1118 987 πατηρ
1133 895 1238 988 ημῶν,

50 995 102 1061 λι..
147 998 270 1088 ἐπειδὴ
310 997 511 1086 ἐγενόμεθα,
545 999 594 1078 είς
624 998 704 1077 τούς
736 1000 906 1089 φράτερας
933 997 1021 1090 ημᾶς
1055 1001 1235 1091 εἰσήγαγεν,

50 1127 61 1179 ·,
88 1101 102 1174 '3
147 1094 284 1187 δμόσας
306 1100 393 1170 κατὰ
413 1101 493 1181 τοὺς
514 1102 636 1230 νόμοης
656 1102 734 1181 τούς
755 1109 924 1189 κειμένους
946 1131 966 1193 η
988 1132 1053 1194 μην
1076 1101 1150 1184 ἐξ’
1133 1110 1237 1195 αστῆς

51 1196 60 1217 '
93 1204 96 1211 '
227 1203 392 1292 ἐγγυητῆς
407 1203 567 1327 γυγαικός
582 1204 743 1291 εἰσάγειν·
765 1207 891 1273 τῶνδὲ
877 1209 1110 1328 Ιφρατέρων
1126 1202 1237 1287 οὐδεὶς

50 2316 128 2401 ἰ’ν
164 2358 245 2421 ημων
269 2283 358 2401 ελνάι
379 2337 551 2422 θυγατέρα
572 2339 710 2422 γνησίαν
727 2339 774 2401 Κί
774 2358 890 2421 ρωνος.
935 2335 991 2400 νῦν
1014 2333 1050 2400 δὲ
1071 2359 1111 2421 τη
1134 2358 1233 2421 περι-

50 2442 51 2453 ’
165 2442 278 2525 φανείην
298 2438 360 2502 τοῦ
382 2435 578 2523 πράγματος
599 2438 655 2502 καὶ
677 2462 723 2523 την
748 2435 934 2504 συνειδέναι
954 2439 1060 2503 ταῦτα
1086 2434 1233 2513 πολλοὺς

579 2761 801 2814 ΜΑΡΤΥΡΕΣ.

227 2839 300 2912 Ἔτι
321 2848 443 2925 τοίνυν,
466 2829 493 2907 ὦ
517 2839 648 2931 ἄνδρες,
675 2844 730 2908 καὶ
753 2840 790 2919 ἐξ
810 2833 857 2906 ὦν
879 2836 897 2906 ό
920 2839 1066 2925 Διοκλῆς
1088 2837 1265 2926 ἐπραξενλ

50 3000 77 3023 ,,
163 2936 209 3014 ὅτε
228 2943 323 3036 ἡμῶν
346 2940 364 3012 ό
388 2943 535 3024 πάππος
557 2943 756 3033 ἐτελεύτησε,
779 2944 903 3029 γνῶναι
925 2940 1041 3031 ῥᾴδιον
1063 2934 1117 3008 ἐτι
1140 2936 1231 3025 τόμο-

162 3047 344 3135 λογοόμεθα
367 3043 454 3115 εἶναι
474 3047 676 3136 θυγατριδοῑ
697 3051 859 3134 Κίρωνος.
902 3037 982 3133 ἧκον
1003 3041 1065 3133 γάρ
1089 3041 1151 3132 ἐγώ
1174 3069 1231 3111 κο·

50 3200 53 3207 ·
160 3150 330 3236 μιοόμενος
359 3142 460 3216 αὐτόν
488 3145 534 3228 ὥς
562 3149 693 3236 θάψων
716 3147 751 3217 ἐκ
776 3151 836 3237 τῆς
859 3146 966 3227 οἰκίας
986 3151 1046 3237 τῆς
1075 3146 1229 3233 ἐμαυτοῦ,

159 3256 217 3321 τῶν
239 3252 384 3339 ἐμαυτοῦ
406 3250 537 3319 οἰκείων
551 3251 627 3320 τινὰ
650 3252 742 3335 ἐχων,
767 3245 910 3338 ἀνεψιὸν
923 3255 984 3318 τοῦ
1006 3251 1150 3340 πατρός·
1172 3253 1229 3318 καὶ

50 3347 52 3353 ’
157 3358 296 3424 Δωκλέα
317 3355 378 3440 μὲν
394 3347 433 3421 οὗ
455 3356 637 3441 κατέλαβον
660 3354 763 3434 ἐνδον,
788 3353 954 3421 εἰσελθών
976 3354 1012 3421 δὲ
1028 3355 1110 3420 ε’ίσω
1131 3356 1228 3434 κομί-

156 3454 217 3537 ζειν
239 3457 311 3536 οἶσς
339 3442 389 3544 ἦν,
420 3455 502 3539 ἐχων
529 3456 608 3535 τοὺς
629 3456 794 3532 οἴσοντας.
847 3455 1003 3544 δεομένης
1031 3455 1067 3521 δὲ
1088 3456 1148 3541 της
1168 3455 1228 3520 τοῦ
1241 3462 1265 3520 ᾖ

234 3626 278 3682 1⁹.
296 3631 316 3681 3
331 3629 444 3679 πίτιωεε
463 3640 512 3678 em.
531 3624 634 3693 Sauppe
658 3652 692 3663 —
710 3618 743 3676 τό
764 3638 785 3676 s.
803 3639 828 3677 v.
850 3626 878 3676 l:
900 3623 949 3677 del.
968 3622 1000 3674 de
1022 3637 1080 3676 meo
1099 3651 1130 3663 -
1149 3626 1166 3678 4
1183 3641 1229 3676 να-

149 3707 219 3781 μιζό1
239 3728 286 3779 με,
303 3729 375 3779 μενα
391 3711 419 3762 in
437 3725 488 3776 mg.
503 3712 525 3762 1.
593 3709 639 3764 2⁰.
657 3712 674 3761 4
690 3701 894 3778 ἆπινρόψασδε
911 3723 956 3775 pn,
975 3722 1039 3760 corr.
1057 3709 1072 3759 2
1092 3736 1124 3746 —
1142 3711 1158 3760 6
1176 3706 1229 3760 σὺν

149 3793 297 3865 ίιροντοιῶν
308 3800 355 3864 μα,
367 3798 455 3849 σοιτί
475 3821 511 3833 -
528 3797 543 3847 ’ί
559 3787 597 3847 ἂν
613 3797 673 3861 post
684 3787 859 3856 εἰοδίχεσδαι
877 3793 930 3844 ν.8
949 3795 1045 3859 ίτεηερ.
1056 3790 1124 3844 Htw.
1142 3819 1175 3831 -
1195 3791 1227 3841 12

146 3876 230 3934 ταῦτ’
242 3897 290 3949 μ’,
309 3894 374 3935 corr.
392 3883 416 3937 1.
485 3875 530 3935 21.
547 3883 562 3934 ⁶
581 3877 680 3931 οἰκεῖον
697 3892 744 3945 pr„
762 3890 826 3929 corr.
847 3877 869 3929 1.
886 3903 921 3914 -
938 3879 954 3928 6
971 3873 1038 3928 εἵσω
1055 3877 1081 3928 in
1094 3892 1119 3929 v.
1132 3874 1189 3928 add.
1205 3877 1229 3924 1.

1001 3960 1039 4013 ην
