2572 4476
32 258 35 265 .
82 230 142 283 χες,
389 209 466 264 ΠΕΡΙ
482 209 547 264 ΤΟΥ
563 209 681 264 ΑΓΝΙΟΥ
698 203 835 265 ΚΔΗΡΟΥ.
1091 208 1151 270 137

80 382 262 472 ἐποιήσατο
289 384 356 448 των
384 386 578 471 θυγατέρων
607 373 708 447 αὐτοῦ
729 387 820 466 μίαν,
847 383 904 448 καὶ
931 381 1040 468 τούτῳ
1062 376 1153 470 αύτῷ

80 483 197 552 ἔδωκεν
214 476 317 572 άχρδν
327 476 486 550 Ἐλευσῖνι
502 482 594 550 δυοῖν
609 482 797 564 ταλάντοιν,
812 483 969 570 πρόβατα
985 482 1152 571 ἐξήκοντα,

78 583 171 672 αίχας
186 584 316 662 ἑκατόν,
339 583 479 665 ἐπιπλα,
502 585 612 650 ἵππον
627 582 783 672 λαμπρὸν
806 578 862 672 ἐφ’
882 578 921 650 ού
936 583 1151 675 ἐφυλάρχησε,

76 685 213 775 κοίτην
237 681 339 776 άλλην
361 685 564 774 κατασκευὴν
587 678 734 768 άπασαν,
760 679 799 773 ἧς
821 686 933 775 κύριος
955 684 1077 765 ἐκεῖνος
1098 697 1183 774 χιε-4

76 788 214 873 νύμενος
236 786 329 854 ἐννέα
359 787 414 878 ἐτη
445 781 508 855 ύλα
529 789 687 855 κατέλιπε
709 793 810 855 πέντε
838 787 1010 855 ταλάντων
1037 782 1154 855 οὐσίαν

76 894 125 958 καὶ
148 891 347 977 τρισχιλίων
370 891 523 979 δραχμῶν
547 889 606 958 σύν
621 904 693 968 τοῖς
715 889 834 957 ἑαυτοῦ
849 883 1031 978 πατρῴοις,
1052 893 1154 978 χωρὶς

75 991 201 1082 ἐκείνης
223 986 263 1080 ἧς
288 996 430 1081 Θεοφιῦν
451 996 492 1080 τῇ
518 995 664 1080 θυγατρί
688 985 789 1059 αύτοῦ
810 991 939 1073 ἐ’δωκεν,
971 985 1072 1080 άχρδν
1093 993 1155 1076 μὲν

32 1134 33 1141 1
76 1098 204 1183 Θριᾶσι
226 1088 330 1162 πένθ’
356 1091 566 1184 ἡμιτάλαντα
595 1090 803 1180 εὑρίσκοντα,
832 1095 939 1163 οἰκίαν
962 1095 999 1161 δέ
1020 1097 1153 1183 Μελίτῃ

74 1200 269 1286 τρισχιλίων
298 1197 493 1288 ἐωνημένην,
527 1194 630 1286 άλλην
663 1198 699 1265 δὲ
724 1191 882 1267 Ἐλευσῖνι
914 1205 1154 1268 πεντακοσίων.

76 1297 184 1389 ἐδάφη
215 1299 276 1384 μὲν
304 1303 426 1387 ταῦτα,
460 1293 522 1387 ἐφ’
548 1293 594 1366 ὦν
623 1295 643 1387 ἡ
674 1305 847 1384 μίσθωσις
875 1304 935 1367 τού
962 1301 1023 1384 μὲν
1053 1295 1156 1389 άχρού

76 1400 206 1467 δώδεκα
226 1415 317 1485 μναῖ,
340 1405 407 1469 των
430 1401 465 1467 δὲ
488 1401 601 1468 οἰκιῶν
623 1416 728 1488 τρεῖς,
759 1406 795 1469 αἳ
816 1403 1054 1470 πεντεκαίδεκα
1074 1418 1158 1487 μναῖ

76 1501 316 1592 συναμφότερα
342 1510 527 1591 γίγνονται·
554 1508 635 1591 χρέα
662 1497 693 1569 δ>
725 1502 783 1570 ἐπὶ
813 1503 924 1580 τόκοις
952 1497 1156 1592 ὀφειλόμενα

76 1608 155 1692 περὶ
177 1607 453 1693 τετρακισχιλίας,
477 1599 523 1673 ὦν
544 1604 583 1672 τδ
601 1604 696 1693 ἐρχον
711 1598 768 1670 ἐπ’
788 1601 885 1687 ἐννέα
896 1598 1030 1689 ὀβολοῖς
1052 1604 1157 1672 ἑπτα-

77 1709 190 1777 κόσιαι
205 1712 261 1776 καὶ
285 1709 391 1777 ε’ίκοσι
407 1709 551 1796 δραχμαὶ
572 1714 742 1796 χίχνονται
756 1711 816 1774 τοῦ
838 1707 991 1775 ἐνιαυτοῦ
1006 1707 1155 1777 ἑκάστου.

78 1809 247 1899 πρόσοδος
267 1809 328 1893 μέν
351 1802 432 1898 αύτη
456 1808 515 1876 δύο
538 1812 594 1876 καὶ
617 1809 723 1876 ε’ίκοσι
744 1822 826 1893 μναῖ
846 1811 901 1876 καὶ
924 1809 1028 1897 πρός·
1053 1813 1183 1899 χωρίςί

79 1911 111 1978 δὲ
138 1910 269 1979 τούτων
300 1914 478 1980 κατέλιπεν
508 1911 655 1990 ἐπιπλα,
684 1911 855 2002 πρόβατα,
885 1911 1024 2000 κριθάς,
1056 1909 1155 1996 οίνον,

79 2007 226 2102 ὀπώρας,
251 2012 287 2093 ἐξ
308 2008 354 2081 ὦν
370 2013 576 2104 ἐνεπόλησαν
591 2016 855 2103 τετρακισχιλίας
872 2013 1082 2094 ἐννακοσίας·
1107 2015 1157 2084 ἐτι

80 2115 112 2182 δὲ
134 2114 232 2183 ἐ’νδον
248 2114 446 2194 ἐννακοσίας,
463 2115 621 2203 δραχμάς.
659 2116 747 2205 πρὸς
769 2116 805 2182 δὲ
820 2115 952 2194 τούτοις
975 2115 1011 2195 ἐξ
1032 2115 1156 2204 ἐράνων

78 2209 259 2306 δφλήματα
275 2217 557 2305 εἷσπεπραχμένα,
580 2221 700 2303 μικροῦ
715 2217 854 2296 δεούσας
865 2219 977 2300 χιλίας
999 2217 1156 2304 δραχμάς,

78 2318 254 2406 μαρτύρων
278 2317 426 2386 ἐναντίον
447 2315 467 2406 ἡ
490 2319 598 2408 μήτηρ
622 2313 740 2401 αὐτού,
763 2323 821 2385 τοῦ
844 2318 984 2400 παιδός,
1008 2312 1157 2407 άπεχρά-

78 2434 182 2508 ψατο.
226 2423 283 2487 καὶ
312 2416 407 2487 ούπω
439 2423 521 2508 λέγω
551 2423 631 2508 περὶ
658 2424 726 2488 των
753 2417 872 2503 ἄλλων,
903 2419 923 2488 ἃ
950 2424 1156 2514 κατελείφθη

77 2525 136 2608 μὲν
160 2517 256 2591 οὗτοι
278 2516 312 2590 δ’
338 2518 396 2589 ούκ
419 2516 680 2613 ἀποφαίνουσιν,
711 2516 795 2590 άλλά
817 2524 860 2591 τά
884 2524 1012 2615 φανερά
1037 2526 1157 2594 καὶτὰ

76 2622 143 2694 ὑπὸ
168 2624 297 2692 τούτων
320 2621 578 2712 ὁμολογούμενα.
622 2625 730 2693 Κάλει
754 2627 790 2693 δέ
804 2653 870 2710 μοι
892 2631 959 2696 τοῖν
978 2628 1157 2717 εἰρημένων

75 2727 155 2806 τούς
178 2727 358 2816 μάρτυρας.

505 2833 727 2885 ΜΑΡΤΥΡΕΣ.

160 2927 206 2997 ‘H
230 2931 291 3015 μὲν
320 2938 431 3001 τοίνυν
453 2932 697 3017 Στρατοκλέους
727 2925 825 2997 ούσία
846 2934 901 2998 καί
929 2932 1056 2998 πλείων
1077 2931 1183 3000 τού-ί

76 3058 137 3123 της
160 3030 268 3099 ἐστίν·
292 3027 365 3099 ἀλλ’
391 3027 528 3118 ύστερον
551 3034 629 3122 περὶ
652 3036 719 3100 των
742 3033 1069 3121 παρακλεπτομένων
1090 3029 1157 3101 ύπδ

77 3134 206 3202 τούτων
229 3135 419 3224 ποιήσομαι
440 3133 518 3214 τούς
542 3134 674 3221 λόγους·
704 3131 723 3222 ἡ
748 3128 780 3200 δ’
807 3132 867 3224 ἐμὴ
891 3134 982 3223 πόση
1004 3159 1073 3219 τις,·
1093 3161 1160 3219 χω-

77 3242 152 3323 ρίον
176 3234 210 3302 ἐν
231 3235 334 3324 Οἰνόῃ
356 3239 634 3321 πεντακισχιλίων
648 3239 704 3304 καὶ
720 3239 945 3325 Προσπαλτοῖ
957 3240 1159 3325 τρισχιλίων,

77 3340 135 3405 καὶ
160 3336 249 3405 οἰκία
273 3337 306 3406 ἐν
330 3334 426 3408 άστει
449 3340 630 3426 δισχιλίων,
653 3337 740 3429 πρὸς
763 3340 799 3407 δὲ
821 3339 952 3420 τούτοις
970 3336 1017 3426 (o‘)
1040 3343 1160 3429 κλῆρος

78 3442 117 3514 δν
146 3438 280 3528 Ἁγνίας
301 3443 475 3524 κατέλιπε,
499 3447 579 3531 περὶ
602 3442 661 3510 δύο
684 3442 847 3510 τάλαντα·
879 3437 916 3510 οὗ
938 3442 1001 3530 γάρ
1026 3432 1065 3508 άν
1089 3437 1157 3508 οἶδ’

167 3625 291 3696 4τούτῳ
316 3623 390 3696 αύτῷ
414 3629 446 3682 de
469 3645 540 3682 meo:
565 3624 616 3681 τόν
633 3626 667 3680 θ’
688 3624 771 3679 αὑτοῦ
848 3627 895 3682 42.
914 3634 929 3681 4
948 3623 1092 3696 θεάφρωνι
1111 3642 1160 3680 em.

79 3713 171 3783 steph.
190 3744 223 3754 —
242 3719 258 3768 6
278 3708 436 3783 άνημίνηνε
458 3729 506 3767 em.
527 3713 588 3765 Rsk.
606 3742 640 3752 -
659 3716 674 3764 8
693 3716 763 3783 τρεῖς
781 3711 811 3764 αἳ
827 3729 892 3765 corr.
911 3715 935 3776 2,
953 3727 1105 3782 τρ..;οοιαι
1123 3727 1161 3778 pr.

166 3799 214 3856 43.
233 3805 242 3853 1
264 3801 316 3868 μέν
334 3815 397 3851 corr.
410 3803 432 3864 1,
450 3794 481 3850 δὲ
495 3815 532 3866 pr.
551 3826 585 3835 -
602 3797 677 3866 μνᾶσ
691 3813 728 3865 pr.
748 3825 780 3836 -
799 3800 814 3849 3
833 3794 1024 3861 ίνιποίλησανι
1043 3812 1091 3849 em.
1101 3795 1161 3848 Sca·

80 3885 192 3951 liger-
210 3889 226 3938 4
244 3879 354 3938 τούτο..
372 3901 419 3952 pn,
438 3887 525 3937 corni
546 3913 580 3922 —
598 3887 614 3938 6
633 3876 700 3948 αὐτὴ
713 3881 774 3934 ΒεΙι.
844 3880 889 3936 44.
908 3885 922 3934 5
942 3874 957 3934 δ
975 3879 1032 3932 add.
1043 3879 1162 3934 Schoem.

79 3997 116 4008 -
135 3971 150 4023 6
167 3961 202 4022 δν
220 3985 240 4022 s.
259 3974 315 4022 ιλ
