2572 4476
71 140 93 180 μ
106 127 141 171 ω,
314 110 390 163 ΠΕΡΙ
406 110 471 165 ΤΟΥ
488 110 751 169 ΦΙΛΟΚΤΗΜΟΝΟΣ
768 113 905 169 ΚΔΗΡΟΥ.
1110 114 1150 176 67

10 346 13 351 Ι
107 278 123 333 ὁ
142 281 347 351 Χαιρέστρατος
363 279 411 330 τοῦ
428 274 526 347 κλήρου
543 280 614 334 κατὰ
631 279 682 334 τόν
698 280 794 351 νόμον.
834 280 1104 356 διαμαρτυρήσαντος
1121 282 1152 339 δί
1168 292 1183 342 5

10 358 14 389 ²
105 359 295 435 Ἀνδροκλέους
317 361 354 431 μή
381 363 452 416 εἶναι
474 361 599 417 ίπίδικον
623 362 703 419 όντος
720 363 886 438 Ἀντιδύρου
912 374 1026 440 γνησίου
1052 367 1151 425 παιδός

10 454 17 505 “,
107 442 275 516 Εὐκτήμονι,
291 445 319 500 οἱ
335 453 398 517 περί
415 453 624 524 Χαιρίστρατον
635 449 828 521 ίπεσκήψαντο
844 452 879 524 τῇ
897 449 1085 527 διαμαρτυρία,
1103 457 1150 508 καί

10 528 16 578 ἶ
107 533 210 586 τοῦτον
226 538 272 585 καί
289 530 340 600 τήν
357 529 477 602 ἀδελφήν
494 530 577 586 αὐτοῦ
595 532 696 588 νόθοιπ
712 539 854 606 μεμονέναι
871 535 1029 606 φάσκοντες,
1051 536 1102 590 τὸν
1119 536 1150 593 δι’

10 626 23 681 ’·,
107 613 197 684 νόμον
214 613 380 689 διαγορεύιιν
402 615 484 684 νόθῳ
502 622 547 669 καί
564 613 639 690 νόθῃ
661 617 700 687 μή
721 618 791 670 εἶναι
807 613 972 689 ἀγχιστείαν.
1007 618 1150 677 Ἡστᾶσις

108 699 273 769 στοχασμός·
298 699 401 768 ἄδηλον
416 700 469 773 γὰρ
486 703 511 754 εἰ
535 704 646 768 ἐποίησε
663 700 846 770 Φιλοκτήμων
864 707 1073 775 Χαιρίστρατον
1090 705 1151 760 υἱὸν
1169 715 1201 767 10

15 790 28 845 ,ᾗ
108 785 208 852 ἑαυτῷ,
226 789 271 838 καί
290 784 375 840 πάλιν
392 783 494 853 ἄδηλον
511 787 536 838 εἰ
552 783 662 856 γνήσιοί
678 788 748 840 εἰσιν
765 785 872 859 οἱπερὶ
887 783 1066 860 Ἀντίδωρον.

150 897 228 971 Ὅτι
241 909 311 988 μέν,
335 892 361 970 ὦ
386 900 512 992 ἄνδρες,
535 904 672 972 πάντων
687 905 877 973 οἰκειότατα
889 910 1022 995 χρῶμαι
1040 915 1152 975 Φανο-

80 1006 206 1094 στράτῳ
228 1009 342 1074 τεκαὶ
364 1006 607 1096 Χαιρεστρύτῳ
626 1015 766 1096 τουτῳί,
788 1007 867 1088 τούς
886 1008 1034 1088 πολλούς
1056 1007 1151 1094 οἶμαι

14 1131 27 1187 ;’
79 1103 165 1191 ύμῶν
189 1109 330 1191 εἰδέναι,
361 1123 432 1188 τοῖς
454 1110 490 1177 δέ
510 1109 555 1198 μή
579 1110 705 1179 εἰδόσιν
729 1110 841 1178 ἱκανὸν
864 1109 929 1199 έριῦ
956 1110 1149 1199 τεκμήριον·

10 1208 28 1268 π’·
81 1201 130 1276 ὅτε
156 1208 221 1297 γὰρ
250 1210 297 1289 εἷς
317 1213 471 1278 Σικελίαν
498 1210 631 1291 ἐξέπλει
658 1216 864 1302 τριηραρχῶν
887 1219 1149 1301 Χαιρέστρατος,

12 1331 31 1380 11·
82 1311 131 1379 διὰ
157 1311 196 1380 τὸ
226 1312 389 1401 πρότερον
418 1308 518 1392 αύτὸς
547 1313 804 1383 ἐκκεκλεικέναι
832 1315 993 1402 προῄδειν
1018 1315 1150 1394 πάντας

80 1412 150 1492 τούς
173 1413 351 1498 ἐσομένους
371 1413 556 1496 κινδύνους,
587 1408 679 1498 ὅμως
701 1417 737 1481 δὲ
760 1416 926 1498 δεομένων
946 1415 1073 1481 τούτων
1094 1418 1150 1482 καὶ

10 1504 21 1572 ἶ
80 1516 319 1593 συνεξέπλευσα
346 1518 404 1582 καί
437 1515 700 1604 συνεδυστύχησα
731 1519 789 1583 καὶ
821 1515 970 1600 ἑάλωμεν
999 1517 1047 1595 εἰς
1073 1517 1152 1596 τοὺς

25 1612 31 1621 ’
79 1617 268 1699 πολεμίους.
306 1611 434 1683 ύτοπον
457 1615 544 1703 δήεί
565 1615 673 1684 έκεῖνο
694 1618 760 1701 μέν’
770 1617 948 1707 προδήλων
963 1613 1068 1685 όντων
1083 1623 1149 1687 τῶν
1166 1629 1185 1685 2

22 1713 34 1755 '⁴
79 1716 235 1784 κινδύνων
256 1709 347 1800 ὅμως
370 1715 427 1784 διὰ
448 1716 487 1784 τὸ
506 1721 657 1806 χρῆσθαι
678 1717 810 1797 τούτοις
831 1721 885 1787 καί
913 1721 1035 1808 φίλους
1056 1726 1151 1805 νομί-

10 1880 12 1893 ,
81 1815 139 1896 ζειν
161 1813 336 1903 ὑπέμενον,
360 1821 416 1886 νύν
437 1818 475 1886 δὲ
497 1813 535 1886 ού
557 1821 732 1911 πειρῴμην
747 1835 916 1890 συνειπεῖν
938 1820 975 1900 ἐξ
995 1815 1041 1888 ὦν
1056 1818 1151 1908 ὑμεῖς

26 1934 33 1983 :³
80 1944 110 1986 τε
128 1920 172 1987 τὰ
195 1915 313 2004 εύορκα
334 1925 528 2009 ψηφιεῖσθε
548 1924 605 1989 καὶ
619 1922 750 2000 τούτοις
763 1922 806 1990 τὰ
830 1924 944 1991 δίκαια
966 1923 1149 2012 γενήσεται.

10 2083 12 2093 ,
81 2020 193 2106 δέομαι
224 2009 280 2088 σύν
308 2018 400 2105 ύμιῦν
430 2018 623 2112 συγγνώμην
652 2048 689 2089 τε
716 2023 802 2106 ἐ’χειν
828 2027 886 2091 καί
913 2019 986 2108 μετ’
1020 2019 1151 2099 εύνοίας

81 2115 326 2212 ύκροάσασθαι·
357 2119 374 2190 ὃ
404 2122 467 2210 γὰρ
490 2118 579 2209 ἀμῶν
602 2118 641 2189 ού
663 2123 780 2210 μικρὸς
804 2118 933 2204 αύτοῖς,
963 2117 1048 2187 ἀλλὰ
1071 2125 1151 2209 περὶ

10 2223 23 2278 f'
80 2228 140 2292 τῶν
161 2231 336 2312 μεγίστων.

162 2326 381 2414 Φιλοκτήμιρν
402 2323 465 2412 γὰρ
488 2319 710 2413 δΚηφισιεύς
731 2326 832 2413 φίλος
852 2312 893 2414 ήν
907 2326 1186 2415 Χαιρεστρύτῳῖ

10 2423 23 2459 ’·
78 2435 211 2516 τουτῳί·
242 2425 320 2506 δούς
349 2425 449 2493 δὲτὰ
471 2425 591 2495 ἑαυτοῦ
617 2429 675 2493 καί
696 2425 770 2494 υἱόν
800 2421 901 2495 αύτὸν
923 2429 1152 2518 ποιησάμενος

78 2527 292 2618 ἐτελεύτησεν.
349 2527 507 2612 λαχόντος
539 2528 576 2595 δὲ
602 2531 663 2595 τού
690 2530 943 2618 Χαιρεστράτου
975 2530 1061 2596 κατὰ
1093 2528 1152 2596 τὸν

78 2633 176 2718 νόμον
189 2635 258 2698 ’τού
278 2629 408 2718 κλήρου,
432 2628 505 2709 ἐξὸν
521 2624 776 2719 ἀμφισβητῆσαι
789 2625 983 2719 Ἀθηναίων
1002 2634 1051 2716 τῷ
1071 2636 1152 2714 βου-

79 2736 204 2821 λομένῳ
232 2735 287 2800 καὶ
318 2727 495 2819 εὐθυδικίᾳ
525 2731 717 2798 εἰσελθόντι
739 2730 787 2807 εἰς
808 2727 911 2812 ὑμᾶς,
941 2729 972 2795 εί
994 2734 1152 2817 φαίνοιτο

78 2835 267 2925 δικαιότερα
296 2836 407 2922 λέγων,
437 2832 523 2915 ἔχειν
549 2829 608 2897 τὸν
636 2831 765 2917 κλήρου,
795 2827 1054 2916 διεμαρτύρησεν
1083 2821 1187 2898 Ἀκί

77 2939 215 3028 δροκλῆς
237 2933 351 3004 οὑτοσί
372 2922 594 3022 μήὲπίδικον
616 2927 704 2998 εἶναι
723 2928 783 2996 τὸν
803 2930 933 3016 κλήρου,
956 2923 1153 3017 ἀποστερῶν

76 3044 193 3108 τούτου
214 3042 273 3126 τής
288 3031 571 3126 ἀμφισβητήσεως
584 3035 641 3101 καὶ
662 3029 749 3117 ύμᾶς
769 3034 830 3099 τοῦ
843 3036 976 3120 κυρίους
992 3035 1154 3118 γενέσθαι

10 3170 13 3257 η
77 3136 191 3210 ὅντινα
215 3140 267 3206 δεῖ
278 3137 483 3229 κληρονόμον
503 3135 782 3226 καταστήσασθαι
804 3136 872 3200 τῶν
889 3131 1152 3223 Φιλοκτήμονος·

75 3247 130 3311 καί
154 3241 190 3310 ἐν
218 3243 281 3329 μιᾷ
308 3239 416 3329 ψήφῳ
443 3241 499 3307 καὶ
527 3238 576 3307 ἑνὶ
599 3233 702 3326 ἀγῶνι
724 3238 832 3305 οἴεται
862 3229 1029 3327 ύδελφούς
1050 3262 1153 3304 κατα-

76 3345 212 3433 στήσειν
235 3343 348 3428 έκείνῳ
376 3341 455 3420 τούς
482 3335 578 3408 ούδὲν
599 3338 844 3428 προσήκοντας,
874 3342 931 3407 καί
952 3337 1012 3404 τόν
1033 3340 1153 3423 κλήρου

163 3516 187 3566 6.
206 3515 222 3564 8
240 3511 281 3563 bis
302 3511 397 3564 erravit
414 3509 602 3576 grammaticus.
633 3507 671 3560 Cf.
685 3506 720 3573 ἧς
733 3509 766 3560 39
787 3512 814 3560 et
836 3510 877 3560 26.
945 3506 1001 3559 1.1
1021 3497 1153 3570 χριόμ....

75 3615 125 3667 pr„
142 3613 208 3650 corr.
227 3600 243 3650 2
260 3625 295 3634 -
312 3599 328 3647 2
345 3589 522 3662 χηριστρότα
539 3607 586 3658 pn,
604 3593 695 3643 corni
713 3618 747 3630 -
765 3595 781 3642 4
799 3586 941 3642 Σικελίανε
959 3578 1051 3640 vitiurh
1068 3587 1153 3640 inesse

74 3683 143 3736 vidit
159 3681 279 3734 θεύσεαι.
296 3708 331 3717 -
349 3672 549 3748 δ’προήδημῖν
562 3673 629 3726 Htw.
681 3673 737 3728 24
754 3671 790 3725 τά
801 3691 844 3724 τοι
862 3677 958 3737 transp.
971 3670 1033 3722 Rsk.
1052 3700 1084 3711 -
1102 3685 1155 3737 ψη-

73 3765 207 3838 φιεῖσθαι
224 3781 271 3832 pn,
289 3779 353 3816 corr.
371 3767 383 3815 1
403 3763 469 3813 -5
488 3757 621 3810 εὐπνοίας
637 3773 685 3823 pn,
703 3773 767 3809 οοεῐ.
779 3760 802 3811 1.
881 3753 910 3809 8.
929 3759 941 3807 1
960 3759 1020 3821 post
1036 3743 1072 3818 ἧν
1089 3769 1154 3807 ens.

72 3856 123 3905 καί
141 3881 173 3890 -
194 3857 209 3904 5
228 3844 297 3917 ἡμᾶς
314 3863 361 3915 pn,
379 3861 443 3898 corr.
462 3848 485 3897 1.
553 3843 580 3896 4.
598 3845 616 3894 4
632 3837 869 3906 καταστήσεσθαι
889 3855 938 3891 em.
956 3839 1013 3891 Αίδ

948 3924 980 3974 5*
