2550 4478
58 222 77 259 ι,
113 235 153 286 ,,,
377 221 453 274 ιιιιοι
469 220 533 274 τοι
549 220 668 274 ιιιιιοι
686 220 823 274 nuper.
1085 219 1146 279 129

58 397 76 435 6
160 381 315 466 Ἀκούετε,
339 414 366 454 ω
352 373 570 510 ἀνδρες,”
550 415 605 457 οτι
627 384 645 455 6
671 393 858 478 νομοθέτης
880 382 938 456 οὐκ
961 386 1065 511 εἶπεν,
1089 390 1147 459 ἐὰν
1163 404 1198 459 11

58 499 75 521 ”
106 477 221 578 μηδειςῇ
243 489 333 579 πρὸς
356 488 487 577 πατρὸς
514 495 611 577 μέχρι
635 483 785 575 ἀνεψιῶν
808 492 951 574 παίδων,
981 491 1059 572 τούς
1081 497 1147 561 τῶν

58 600 75 634 ³¹
104 583 257 674 ἀνεψιαδῶν
281 589 369 659 εἶναι
391 616 449 679 κυρ
453 597 533 671 ί,ους
558 586 643 657 ἀλλὰ
660 585 815 659 απέδωκε
827 606 899 671 τοις
922 592 1008 680 πρός
1022 594 1148 682 μητρός

59 701 74 737 ff
102 714 135 756 νου
127 683 469 781 ὣτελευτήσαντος,
448 720 488 759 αν
514 689 612 780 ἡμεῖς
640 692 684 782 μη
710 681 809 778 ῶμεν,
836 693 896 784 την
925 696 1147 816 κληρονομίαν

58 806 74 837 ¹³·
99 786 147 880 ἤδη
173 788 334 882 ἀδελφοῖς
361 796 418 860 καλ
442 786 606 883 ἀδελφαῖς
627 796 683 861 καί
706 798 808 864 παισί
835 809 907 874 τοῖς
935 795 1063 863 τούτων
1092 800 1147 864 καλ

58 900 72 985 ἒ
97 907 140 972 ιοῖς
158 891 280 973 ἀλλοις,
304 893 389 961 κατὰ
410 888 516 961 ταύτὰ
539 895 698 983 καθάπερ
720 898 775 963 καί
800 889 881 976 ἐξ
864 900 964 985 αρχῆς
986 884 1025 985 ἦν
1048 893 1146 965 ύπει-

63 1001 218 1116 εηημίνον·
246 996 328 1076 τούς
357 998 393 1064 δὲ
420 993 602 1085 ἡμετέρους
629 997 822 1075 παῖδας”
786 1024 848 1076 εςω
874 1002 934 1085 της
957 991 1146 1085 ἀγχιστείας

58 1093 230 1190 λύοοίηοεν.
277 1097 329 1176 οἷς
358 1099 394 1165 δὲ
422 1093 503 1188 μηδ’
530 1098 560 1165 εἰ
587 1101 643 1166 καί
664 1087 944 1188 τετελευτηκώς
924 1127 964 1188 ην
991 1101 1129 1188 666
1094 1102 1146 1168 δί-

87 1196 204 1267 ίωσιν“
187 1227 204 1267 ο
230 1199 334 1284 νόμος
349 1199 409 1288 τὴν
431 1197 562 1287 Ἁγνίου
577 1203 809 1288 κληρονομίαν,
833 1205 907 1324 πῶς
928 1201 1050 1283 ζῶντος
1065 1202 1146 1326 ἐμρύ

58 1307 59 1320 ’
84 1304 173 1369 τεκαὶ
194 1301 281 1368 κατὰ
305 1301 384 1379 τούς
406 1301 527 1387 νόμους
549 1301 732 1385 ἕχοντος”
696 1328 825 1370 οιονται
849 1300 962 1382 αύτοῖς
985 1303 1121 1372 εἶναι
1085 1332 1145 1394 την

80 1391 209 1486 ἀγχιστεί
211 1430 269 1486 αν,·
292 1397 449 1488 οὐδαμῶς
479 1403 663 1490 δήπουθεν.
688 1397 772 1469 ἀλλὰ
794 1404 859 1492 μὴν
886 1404 916 1470 εί
944 1405 1077 1483 τούτοις
1098 1405 1143 1494 μὴ
1162 1422 1197 1479 18

77 1506 222 1584 μέτεστιν,
256 1497 303 1569 ῶν
337 1505 369 1570 οἱ
404 1510 548 1592 πατέρες
580 1497 702 1571 ταύτόν
737 1503 812 1588 ἐμοὶ
853 1509 1034 1592 προσηκον,
1069 1500 1145 1572 ούδὲ
1238 1556 1244 1567 .

74 1604 166 1722 τούτῳ
188 1631 236 1691 τῳ
223 1606 413 1673 ’ίπαιδλ
378 1612 541 1729 γίγνεται
564 1608 619 1672 καί
641 1603 706 1693 γάρ
721 1602 738 1671 6
755 1604 874 1672 τούτου
892 1604 1003 1694 πατὴρ
1019 1601 1145 1689 ὁμοίως

73 1690 104 1792 ἦν
124 1705 265 1785 ἐκείνοις
288 1708 453 1796 συγγενής.
492 1701 550 1775 ούκ
574 1695 631 1775 ούν
652 1706 761 1774 δεινόν
784 1705 859 1792 ἐμοὶ
881 1708 941 1791 μὲν
964 1707 1145 1797 διαρρήδην

71 1798 145 1874 ούτω
167 1813 237 1876 τῶν
261 1808 374 1893 νόμιον
398 1809 649 1877 δεδωκότων
612 1836 673 1898 την
695 1811 925 1897 κληρονομίαν,
948 1809 1086 1887 τούτους
1109 1804 1141 1875 δ

71 1907 123 1987 ἔξω
151 1914 213 1999 τῆς
243 1909 433 1997 ἀγχιστείας
462 1910 707 2000 πεποιηκότων,
736 1913 864 1995 τολμᾶν
892 1915 1025 1979 τουτονὶ
1048 1934 1145 1979 συκο-

69 2027 209 2098 φαντεῖν,
239 2015 297 2079 καλ
327 2012 600 2100 διαγωνίσασθαι
630 2018 700 2096 μέν,
728 2007 817 2100 ἡνίκ)
844 2011 906 2100 666
935 2018 995 2081 τού
1023 2015 1143 2103 κλήρου

67 2112 117 2200 τὴν
129 2114 224 2202 δίκην
241 2111 428 2200 ἐλάγχανον,
450 2115 454 2200 6
472 2115 517 2202 μη
536 2115 673 2181 οἴεσθαι
687 2114 764 2195 δεῖν,
780 2114 864 2202 μηδὲ
880 2116 1143 2201 παρακαταβάλ-

67 2216 137 2296 λειν,
155 2210 195 2282 οὗ
211 2217 292 2302 περὶ
307 2219 374 2282 τῶν
389 2216 550 2283 τοιούτων
574 2216 607 2282 εἴ
625 2242 659 2282 τι
683 2215 812 2281 δίκαιον
828 2211 912 2296 εἶχεν
938 2214 1046 2282 εἰπεῖν
1069 2215 1144 2281 δια-

65 2320 257 2403 γνωσδηναι
272 2320 449 2405 προσῆκεν,
473 2316 532 2385 ἐπὶ
548 2317 584 2383 δὲ
597 2320 657 2382 τοῦ
673 2315 797 2394 παιδός
812 2308 953 2398 ὀνόματι
968 2309 1140 2402 πράγματ’

65 2415 134 2500 ἐμοὶ
156 2422 317 2503 παρέχειν
338 2422 395 2486 καί
418 2422 498 2507 περὶ
519 2422 585 2484 τῶν
607 2423 772 2504 μεγίστων
796 2415 844 2494 εἷς
866 2416 1016 2484 κίνδυνον
1038 2422 1141 2485 κυδι-

65 2518 199 2602 στάναι,·
221 2522 278 2587 καί
300 2523 381 2608 περὶ
402 2520 462 2605 μὲν
484 2524 551 2586 τῶν
573 2516 846 2606 ὁμολογουμένων
869 2515 955 2587 εἶναι
977 2523 1037 2586 τοῦ
1059 2545 1142 2587 παι·
1159 2540 1195 2596 14

65 2618 118 2698 δός
144 2619 326 2709 χρημάτων
353 2615 435 2711 μηδ’
469 2621 652 2690 αἰτιᾶσθαί
684 2647 741 2705 με,
775 2615 855 2710 μηδ’
882 2614 928 2700 ῶς
956 2648 990 2689 τι
1020 2622 1143 2711 εἴληφα

66 2719 145 2803 ἔχειν
169 2721 280 2789 εἰπεῖν
304 2760 340 2770 -
367 2716 424 2811 ἐφ’
444 2721 504 2807 οἷς,
528 2723 606 2791 εἴτι
623 2717 731 2790 αύτῶν
746 2728 854 2800 κακῶς
872 2723 1012 2808 διῴκουν
1028 2717 1142 2811 ῶσπερ

67 2815 166 2904 οὗτος,
189 2829 370 2909 κρίνεσθαί
390 2849 450 2908 μοι
472 2828 649 2912 προσῆκεν,
672 2861 714 2872 -
737 2823 758 2889 6
788 2818 819 2888 δ’
846 2820 940 2906 ύμεῖς
969 2821 1032 2905 ἐμὰ
1056 2821 1143 2889 εἶναι

68 2920 296 3012 ἐψηφίσασθε,
319 2929 367 3011 τῶ
388 2927 581 3012 βουλομένῳ
604 2924 717 3002 δόντες
741 2922 895 3001 ἐξουσίαν
918 2915 1143 3009 ἀμφισβητεῖν

69 3017 181 3107 αύτῶν,
206 3024 263 3092 ἐπὶ
287 3026 419 3104 τούτοις
442 3025 518 3110 ἐμοὶ
537 3024 710 3102 τοιούτους
733 3018 863 3110 ἀγῶνας
878 3021 1143 3110 παρασκευάζειν

70 3129 116 3192 καὶ
139 3126 188 3204 εἷς
210 3131 310 3194 τοῦτο
334 3121 568 3209 ἀναισχυντίας
589 3119 697 3214 6666,-

151 3228 280 3313 Οἵομαι
301 3230 361 3313 μὲν
385 3216 442 3296 σύν
465 3232 520 3295 καί
544 3227 578 3295 ἔκ
593 3232 659 3296 τῶν
681 3223 743 3316 666
768 3226 949 3314 εἰρημένων
964 3227 1140 3315 γιγνῶσκε-
1158 3249 1192 3305 15

145 3447 189 3501 12.
210 3452 224 3500 2
244 3444 318 3518 πρὸσ
336 3466 410 3518 πατρ
429 3449 455 3499 in
474 3463 522 3500 ras.
542 3452 557 3501 6
575 3449 625 3500 litt.
643 3465 707 3500 corr.
730 3455 740 3501 1
761 3477 793 3487 -
812 3453 827 3502 6
845 3449 947 3501 vaira:
966 3464 1014 3500 em.
1028 3446 1090 3499 Rsk.
1108 3475 1142 3484 —

74 3526 154 3596 6666’
166 3533 190 3583 εἰ
202 3536 248 3583 καὶ
260 3529 456 3598 τετελευτηκώς
468 3520 491 3584 6
504 3529 557 3603 66
571 3532 641 3596 Rsk„
653 3523 688 3596 ἦν
700 3530 754 3603 666
766 3533 836 3597 Πομ,
847 3530 916 3602 μηδὲ
926 3526 978 3584 κᾶν
989 3528 1142 3598 τετελευτη-

74 3608 139 3668 κότες
156 3605 228 3669 ῶτιν
245 3615 299 3669 οἶσε
317 3614 373 3688 ἐγώ
392 3617 507 3686 Sauppe:
525 3611 591 3684 μηδ’
608 3617 632 3668 εἰ
648 3621 694 3668 καὶ
710 3615 928 3684 τετελευτηκότες
947 3604 1016 3667 ῶσιν
1035 3608 1071 3666 ῶε
1087 3614 1142 3687 λγῶ

74 3703 128 3753 -9
147 3702 213 3769 ἐμοῦ
230 3720 261 3754 τε
280 3702 394 3766 ζῶντοιι
415 3709 511 3770 transp.
530 3702 561 3754 de
579 3718 637 3755 meo
656 3711 796 3770 praeeunte
809 3703 868 3755 Dbr.
937 3697 981 3754 18.
1002 3703 1013 3754 1
1033 3696 1144 3754 τούτουε

74 3792 102 3844 6·
118 3814 151 3825 -
170 3791 185 3840 6
204 3786 386 3852 πεποιηκότος
403 3803 449 3854 pn,
468 3804 533 3842 corr.
550 3792 560 3840 1
581 3817 614 3827 —
632 3791 648 3841 9
666 3773 697 3840 οὗ
716 3805 780 3840 corr.
794 3791 817 3851 2,
835 3781 866 3838 οὐ
886 3800 923 3851 pr.
936 3813 969 3822 -
990 3787 1022 3838 10
1038 3786 1080 3852 τῷ
1093 3786 1142 3838 τοῦ
1176 3764 1185 3788 ⁸

74 3860 180 3925 Schoem.
199 3901 233 3912 -
253 3875 293 3927 11.
308 3876 339 3925 12
357 3871 529 3925 καθεστάναι
543 3890 588 3940 pr„
605 3873 777 3926 καθιστᾶναι
795 3887 859 3922 corr.
868 3872 892 3922 2.
944 3869 989 3923 14.
1008 3872 1023 3922 2
1041 3866 1143 3940 χρὴμ..

74 3961 112 4019 pr„
130 3971 192 4009 corr.
211 3960 226 4009 2
245 3986 280 3996 -·
297 3961 314 4010 4
331 3953 417 4026 ἡμεῖει
436 3975 485 4014 em.
504 3958 562 4011 Ald.
976 4027 978 4029 ι

113 4045 193 4093 lmus.
938 4041 960 4091 6
