<?xml version="1.0" encoding="UTF-8"?>
<!DOCTYPE html PUBLIC "-//W3C//DTD XHTML 1.0 Transitional//EN"
    "http://www.w3.org/TR/xhtml1/DTD/xhtml1-transitional.dtd">
<html xmlns="http://www.w3.org/1999/xhtml" xml:lang="en" lang="en">
 <head>
  <title>
</title>
<meta http-equiv="Content-Type" content="text/html;charset=utf-8" />
  <meta name='ocr-system' content='tesseract 3.04.00' />
  <meta name='ocr-capabilities' content='ocr_page ocr_carea ocr_par ocr_line ocrx_word'/>
</head>
<body>
  <div class='ocr_page' id='page_1' title='image "./isaeiorationesc01buergoog_0038.png"; bbox 0 0 2550 4478; ppageno 0'>
   <div class='ocr_carea' id='block_1_1' title="bbox 10 240 1094 303">
    <p class='ocr_par' dir='ltr' id='par_1_1' title="bbox 10 240 1094 303">
     <span class='ocr_line' id='line_1_1' title="bbox 10 240 1094 303; baseline 0.008 -10"><span class='ocrx_word' id='word_1_1' title='bbox 10 257 39 296; x_wconf 65' lang='grc' dir='ltr'><em>γι.</em></span> <span class='ocrx_word' id='word_1_2' title='bbox 57 257 76 296; x_wconf 75' lang='grc'><em>1.</em></span> <span class='ocrx_word' id='word_1_3' title='bbox 274 240 349 294; x_wconf 86' lang='grc' dir='ltr'>ΠΕΡΙ</span> <span class='ocrx_word' id='word_1_4' title='bbox 367 241 431 294; x_wconf 84' lang='grc' dir='ltr'><em>ΤΟΥ</em></span> <span class='ocrx_word' id='word_1_5' title='bbox 448 241 672 295; x_wconf 82' lang='grc' dir='ltr'><strong>ΜΕΝΕΚΛΕΟΥΣ</strong></span> <span class='ocrx_word' id='word_1_6' title='bbox 692 243 829 297; x_wconf 84' lang='grc' dir='ltr'><strong>ΚΛΗΡΟΥ.</strong></span> <span class='ocrx_word' id='word_1_7' title='bbox 1056 243 1094 303; x_wconf 80' lang='grc'><em>19</em></span> 
     </span>
    </p>
   </div>
   <div class='ocr_carea' id='block_1_2' title="bbox 10 399 1144 1007">
    <p class='ocr_par' dir='ltr' id='par_1_2' title="bbox 10 399 1144 1007">
     <span class='ocr_line' id='line_1_2' title="bbox 10 399 1093 501; baseline 0.007 -29"><span class='ocrx_word' id='word_1_8' title='bbox 10 407 128 493; x_wconf 74' lang='grc' dir='ltr'><em>ἔαυτφ,</em></span> <span class='ocrx_word' id='word_1_9' title='bbox 154 407 270 475; x_wconf 84' lang='grc' dir='ltr'><em>διὰτὸ</em></span> <span class='ocrx_word' id='word_1_10' title='bbox 294 408 390 497; x_wconf 86' lang='grc' dir='ltr'><em>παρά</em></span> <span class='ocrx_word' id='word_1_11' title='bbox 413 408 551 476; x_wconf 87' lang='grc' dir='ltr'><em>πάντων</em></span> <span class='ocrx_word' id='word_1_12' title='bbox 574 406 818 497; x_wconf 71' lang='grc' dir='ltr'><em>ὁμολογεῖσθαι</em></span> <span class='ocrx_word' id='word_1_13' title='bbox 840 404 894 480; x_wconf 84' lang='grc' dir='ltr'><em>ότι</em></span> <span class='ocrx_word' id='word_1_14' title='bbox 915 399 954 501; x_wconf 80' lang='grc' dir='ltr'><em>ἦν</em></span> <span class='ocrx_word' id='word_1_15' title='bbox 977 406 1093 499; x_wconf 85' lang='grc' dir='ltr'><em>όρθως</em></span> 
     </span>
     <span class='ocr_line' id='line_1_3' title="bbox 10 504 1144 603; baseline 0.005 -30"><span class='ocrx_word' id='word_1_16' title='bbox 10 511 276 594; x_wconf 71' lang='grc' dir='ltr'><em>ῖεβουλευμένος.</em></span> <span class='ocrx_word' id='word_1_17' title='bbox 321 514 377 579; x_wconf 82' lang='grc' dir='ltr'><em>καί</em></span> <span class='ocrx_word' id='word_1_18' title='bbox 399 508 445 589; x_wconf 81' lang='grc' dir='ltr'><em>ως</em></span> <span class='ocrx_word' id='word_1_19' title='bbox 468 504 582 600; x_wconf 79' lang='grc' dir='ltr'><em>άληθῇ</em></span> <span class='ocrx_word' id='word_1_20' title='bbox 604 513 688 598; x_wconf 87' lang='grc' dir='ltr'><em>λέγω</em></span> <span class='ocrx_word' id='word_1_21' title='bbox 703 517 818 595; x_wconf 82' lang='grc' dir='ltr'><em>ταῦτα,</em></span> <span class='ocrx_word' id='word_1_22' title='bbox 840 517 900 601; x_wconf 81' lang='grc' dir='ltr'><em>τῆς</em></span> <span class='ocrx_word' id='word_1_23' title='bbox 913 514 974 599; x_wconf 77' lang='grc' dir='ltr'><em>μὲν</em></span> <span class='ocrx_word' id='word_1_24' title='bbox 988 514 1090 603; x_wconf 77' lang='grc' dir='ltr'><em>ποίη·</em></span> <span class='ocrx_word' id='word_1_25' title='bbox 1108 523 1144 579; x_wconf 81' lang='grc'><em>111</em></span> 
     </span>
     <span class='ocr_line' id='line_1_4' title="bbox 10 606 1091 703; baseline 0.006 -28"><span class='ocrx_word' id='word_1_26' title='bbox 10 634 92 687; x_wconf 83' lang='grc' dir='ltr'><em>τεως</em></span> <span class='ocrx_word' id='word_1_27' title='bbox 122 606 201 693; x_wconf 77' lang='grc' dir='ltr'><em>ὑμῖν</em></span> <span class='ocrx_word' id='word_1_28' title='bbox 228 611 305 690; x_wconf 77' lang='grc' dir='ltr'><em>τοὺς</em></span> <span class='ocrx_word' id='word_1_29' title='bbox 335 612 505 701; x_wconf 89' lang='grc' dir='ltr'><em>φράτερας</em></span> <span class='ocrx_word' id='word_1_30' title='bbox 532 616 588 680; x_wconf 80' lang='grc' dir='ltr'><em>καὶ</em></span> <span class='ocrx_word' id='word_1_31' title='bbox 620 611 699 693; x_wconf 75' lang='grc' dir='ltr'><em>τοὺς</em></span> <span class='ocrx_word' id='word_1_32' title='bbox 731 606 897 703; x_wconf 83' lang='grc' dir='ltr'><em>όργεωνας</em></span> <span class='ocrx_word' id='word_1_33' title='bbox 930 619 987 682; x_wconf 84' lang='grc' dir='ltr'><em>καὶ</em></span> <span class='ocrx_word' id='word_1_34' title='bbox 1013 615 1091 696; x_wconf 76' lang='grc' dir='ltr'><em>τοὺς</em></span> 
     </span>
     <span class='ocr_line' id='line_1_5' title="bbox 10 707 1090 804; baseline 0.007 -27"><span class='ocrx_word' id='word_1_35' title='bbox 10 712 157 800; x_wconf 73' lang='grc' dir='ltr'><em>δημότας</em></span> <span class='ocrx_word' id='word_1_36' title='bbox 187 713 378 800; x_wconf 85' lang='grc' dir='ltr'><em>παρέξομαι</em></span> <span class='ocrx_word' id='word_1_37' title='bbox 404 713 589 802; x_wconf 89' lang='grc' dir='ltr'><em>μάρτυρας,</em></span> <span class='ocrx_word' id='word_1_38' title='bbox 622 711 668 793; x_wconf 81' lang='grc' dir='ltr'><em>ιός</em></span> <span class='ocrx_word' id='word_1_39' title='bbox 697 707 729 780; x_wconf 75' lang='grc' dir='ltr'><em>δ’</em></span> <span class='ocrx_word' id='word_1_40' title='bbox 762 713 836 804; x_wconf 79' lang='grc' dir='ltr'><em>ἐξῆν</em></span> <span class='ocrx_word' id='word_1_41' title='bbox 864 715 1090 803; x_wconf 82' lang='grc' dir='ltr'><em>ποιήσασθαι,</em></span> 
     </span>
     <span class='ocr_line' id='line_1_6' title="bbox 10 809 1093 906; baseline 0.006 -27"><span class='ocrx_word' id='word_1_42' title='bbox 10 813 65 880; x_wconf 87' lang='grc' dir='ltr'><em>τὸν</em></span> <span class='ocrx_word' id='word_1_43' title='bbox 88 814 193 898; x_wconf 91' lang='grc' dir='ltr'><em>νόμον</em></span> <span class='ocrx_word' id='word_1_44' title='bbox 216 809 316 882; x_wconf 77' lang='grc' dir='ltr'><em>αὐτὸν</em></span> <span class='ocrx_word' id='word_1_45' title='bbox 345 812 423 900; x_wconf 77' lang='grc' dir='ltr'><em>ὑμῖν</em></span> <span class='ocrx_word' id='word_1_46' title='bbox 452 809 697 902; x_wconf 82' lang='grc' dir='ltr'><em>άναγνώσεται,</em></span> <span class='ocrx_word' id='word_1_47' title='bbox 727 811 811 883; x_wconf 78' lang='grc' dir='ltr'><em>καθ’</em></span> <span class='ocrx_word' id='word_1_48' title='bbox 842 816 881 884; x_wconf 84' lang='grc' dir='ltr'><em>δν</em></span> <span class='ocrx_word' id='word_1_49' title='bbox 909 813 929 905; x_wconf 78' lang='grc' dir='ltr'><em>ἦ</em></span> <span class='ocrx_word' id='word_1_50' title='bbox 953 823 1093 906; x_wconf 89' lang='grc' dir='ltr'><em>ποίησις</em></span> 
     </span>
     <span class='ocr_line' id='line_1_7' title="bbox 10 911 1090 1007; baseline 0.006 -27"><span class='ocrx_word' id='word_1_51' title='bbox 10 914 145 1000; x_wconf 83' lang='grc' dir='ltr'><em>ἐγένετο.</em></span> <span class='ocrx_word' id='word_1_52' title='bbox 192 923 261 983; x_wconf 86' lang='grc' dir='ltr'><em>Καί</em></span> <span class='ocrx_word' id='word_1_53' title='bbox 288 942 348 1001; x_wconf 93' lang='grc' dir='ltr'><em>μοι</em></span> <span class='ocrx_word' id='word_1_54' title='bbox 377 916 438 995; x_wconf 84' lang='grc' dir='ltr'><em>τὰς</em></span> <span class='ocrx_word' id='word_1_55' title='bbox 466 925 653 1007; x_wconf 82' lang='grc' dir='ltr'><em>μαρτυρίας</em></span> <span class='ocrx_word' id='word_1_56' title='bbox 684 911 862 1005; x_wconf 86' lang='grc' dir='ltr'><em>άνάγνωθι</em></span> <span class='ocrx_word' id='word_1_57' title='bbox 886 917 1011 996; x_wconf 83' lang='grc' dir='ltr'><em>ταύτας</em></span> <span class='ocrx_word' id='word_1_58' title='bbox 1035 923 1090 987; x_wconf 78' lang='grc' dir='ltr'><em>καὶ</em></span> 
     </span>
    </p>
   </div>
   <div class='ocr_carea' id='block_1_3' title="bbox 10 1016 746 1160">
    <p class='ocr_par' dir='ltr' id='par_1_3' title="bbox 10 1016 746 1160">
     <span class='ocr_line' id='line_1_8' title="bbox 10 1016 200 1101; baseline 0.005 -21"><span class='ocrx_word' id='word_1_59' title='bbox 10 1016 63 1084; x_wconf 84' lang='grc' dir='ltr'><em>τὸν</em></span> <span class='ocrx_word' id='word_1_60' title='bbox 87 1017 200 1101; x_wconf 94' lang='grc' dir='ltr'><em>νόμον.</em></span> 
     </span>
     <span class='ocr_line' id='line_1_9' title="bbox 351 1105 746 1160; baseline -0.005 -2"><span class='ocrx_word' id='word_1_61' title='bbox 351 1105 582 1160; x_wconf 80' lang='grc' dir='ltr'><strong>ΜΑΡΤΥΡΙΑΙ.</strong></span> <span class='ocrx_word' id='word_1_62' title='bbox 600 1106 746 1160; x_wconf 88' lang='grc' dir='ltr'><strong>ΝΟΜΟΣ.</strong></span> 
     </span>
    </p>
   </div>
   <div class='ocr_carea' id='block_1_4' title="bbox 10 1182 1141 3305">
    <p class='ocr_par' dir='ltr' id='par_1_4' title="bbox 11 1182 1141 2492">
     <span class='ocr_line' id='line_1_10' title="bbox 87 1182 1141 1278; baseline 0.004 -26"><span class='ocrx_word' id='word_1_63' title='bbox 87 1182 144 1264; x_wconf 87' lang='grc' dir='ltr'><em>Ὡς</em></span> <span class='ocrx_word' id='word_1_64' title='bbox 158 1187 219 1270; x_wconf 87' lang='grc' dir='ltr'><em>μέν</em></span> <span class='ocrx_word' id='word_1_65' title='bbox 234 1193 346 1253; x_wconf 81' lang='grc' dir='ltr'><strong><em>τοίνυν</em></strong></span> <span class='ocrx_word' id='word_1_66' title='bbox 362 1184 437 1276; x_wconf 82' lang='grc' dir='ltr'><em>ἐξην</em></span> <span class='ocrx_word' id='word_1_67' title='bbox 447 1191 497 1275; x_wconf 76' lang='grc' dir='ltr'><em>τῷ</em></span> <span class='ocrx_word' id='word_1_68' title='bbox 507 1189 675 1257; x_wconf 81' lang='grc' dir='ltr'><strong><em>Μενεκλεῖ</em></strong></span> <span class='ocrx_word' id='word_1_69' title='bbox 688 1187 892 1278; x_wconf 83' lang='grc' dir='ltr'><em>ποήσασθαι</em></span> <span class='ocrx_word' id='word_1_70' title='bbox 908 1188 981 1257; x_wconf 81' lang='grc' dir='ltr'><em>υἱόν</em></span> <span class='ocrx_word' id='word_1_71' title='bbox 998 1186 1087 1277; x_wconf 67' lang='grc' dir='ltr'><em>αὕτη]</em></span> <span class='ocrx_word' id='word_1_72' title='bbox 1108 1201 1141 1256; x_wconf 73' lang='lat'><em>17</em></span> 
     </span>
     <span class='ocr_line' id='line_1_11' title="bbox 12 1281 1087 1379; baseline 0.006 -27"><span class='ocrx_word' id='word_1_73' title='bbox 12 1281 142 1355; x_wconf 79' lang='grc' dir='ltr'><em>ὅντινα</em></span> <span class='ocrx_word' id='word_1_74' title='bbox 166 1287 329 1374; x_wconf 77' lang='grc' dir='ltr'><em>ἐβούλετο,</em></span> <span class='ocrx_word' id='word_1_75' title='bbox 354 1285 371 1355; x_wconf 86' lang='grc' dir='ltr'>ὁ</span> <span class='ocrx_word' id='word_1_76' title='bbox 397 1289 498 1375; x_wconf 91' lang='grc' dir='ltr'><em>νόμος</em></span> <span class='ocrx_word' id='word_1_77' title='bbox 521 1284 621 1368; x_wconf 77' lang='grc' dir='ltr'><em>αὐτὸς</em></span> <span class='ocrx_word' id='word_1_78' title='bbox 641 1290 753 1378; x_wconf 87' lang='grc' dir='ltr'><em>δηλοῖ·</em></span> <span class='ocrx_word' id='word_1_79' title='bbox 777 1286 824 1369; x_wconf 79' lang='grc' dir='ltr'><em>τός</em></span> <span class='ocrx_word' id='word_1_80' title='bbox 839 1290 875 1357; x_wconf 89' lang='grc' dir='ltr'><em>δέ</em></span> <span class='ocrx_word' id='word_1_81' title='bbox 891 1282 1087 1379; x_wconf 81' lang='grc' dir='ltr'><em>ἐποιήσατο,</em></span> 
     </span>
     <span class='ocr_line' id='line_1_12' title="bbox 15 1385 1088 1479; baseline 0.005 -25"><span class='ocrx_word' id='word_1_82' title='bbox 15 1389 96 1455; x_wconf 80' lang='grc' dir='ltr'><em>οἵτε</em></span> <span class='ocrx_word' id='word_1_83' title='bbox 120 1388 284 1478; x_wconf 79' lang='grc' dir='ltr'><em>φράτερες</em></span> <span class='ocrx_word' id='word_1_84' title='bbox 307 1393 361 1457; x_wconf 77' lang='grc' dir='ltr'><em>καὶ</em></span> <span class='ocrx_word' id='word_1_85' title='bbox 386 1392 419 1458; x_wconf 80' lang='grc' dir='ltr'><em>οἱ</em></span> <span class='ocrx_word' id='word_1_86' title='bbox 442 1389 586 1478; x_wconf 79' lang='grc' dir='ltr'><em>δημόται</em></span> <span class='ocrx_word' id='word_1_87' title='bbox 609 1394 665 1458; x_wconf 79' lang='grc' dir='ltr'><em>καὶ</em></span> <span class='ocrx_word' id='word_1_88' title='bbox 688 1393 721 1458; x_wconf 80' lang='grc' dir='ltr'><em>οἱ</em></span> <span class='ocrx_word' id='word_1_89' title='bbox 747 1385 906 1479; x_wconf 78' lang='grc' dir='ltr'><em>όργεαῑνες</em></span> <span class='ocrx_word' id='word_1_90' title='bbox 929 1388 1007 1476; x_wconf 80' lang='grc' dir='ltr'><em>άμῖν</em></span> <span class='ocrx_word' id='word_1_91' title='bbox 1028 1418 1088 1477; x_wconf 89' lang='grc' dir='ltr'><em>με·</em></span> 
     </span>
     <span class='ocr_line' id='line_1_13' title="bbox 16 1479 1087 1580; baseline 0.004 -24"><span class='ocrx_word' id='word_1_92' title='bbox 16 1491 271 1580; x_wconf 82' lang='grc' dir='ltr'><em>μαρτυρηκασιν·</em></span> <span class='ocrx_word' id='word_1_93' title='bbox 295 1485 381 1558; x_wconf 79' lang='grc' dir='ltr'><em>ὥστε</em></span> <span class='ocrx_word' id='word_1_94' title='bbox 404 1497 601 1580; x_wconf 79' lang='grc' dir='ltr'><em>περιφανῶς</em></span> <span class='ocrx_word' id='word_1_95' title='bbox 617 1486 854 1560; x_wconf 85' lang='grc' dir='ltr'><em>άποδέδεικται</em></span> <span class='ocrx_word' id='word_1_96' title='bbox 868 1488 958 1579; x_wconf 75' lang='grc' dir='ltr'><em>ἡμῖν,</em></span> <span class='ocrx_word' id='word_1_97' title='bbox 982 1479 1008 1558; x_wconf 80' lang='grc' dir='ltr'><em>ὦ</em></span> <span class='ocrx_word' id='word_1_98' title='bbox 1030 1489 1087 1560; x_wconf 85' lang='grc' dir='ltr'><em>άν-</em></span> 
     </span>
     <span class='ocr_line' id='line_1_14' title="bbox 16 1585 1087 1683; baseline 0.008 -30"><span class='ocrx_word' id='word_1_99' title='bbox 16 1591 88 1678; x_wconf 89' lang='grc' dir='ltr'><em>δρες,</em></span> <span class='ocrx_word' id='word_1_100' title='bbox 114 1589 132 1658; x_wconf 86' lang='grc' dir='ltr'>ὁ</span> <span class='ocrx_word' id='word_1_101' title='bbox 157 1592 283 1680; x_wconf 79' lang='grc' dir='ltr'><em>μάρτυς</em></span> <span class='ocrx_word' id='word_1_102' title='bbox 305 1585 440 1680; x_wconf 75' lang='grc' dir='ltr'><em>τάληθη</em></span> <span class='ocrx_word' id='word_1_103' title='bbox 463 1592 790 1682; x_wconf 84' lang='grc' dir='ltr'><em>διαμεμαρτυρηκιός,</em></span> <span class='ocrx_word' id='word_1_104' title='bbox 811 1596 868 1660; x_wconf 87' lang='grc' dir='ltr'><em>καὶ</em></span> <span class='ocrx_word' id='word_1_105' title='bbox 890 1588 982 1662; x_wconf 82' lang='grc' dir='ltr'><em>οὗτοι</em></span> <span class='ocrx_word' id='word_1_106' title='bbox 1000 1594 1087 1683; x_wconf 90' lang='grc' dir='ltr'><em>πρός</em></span> 
     </span>
     <span class='ocr_line' id='line_1_15' title="bbox 14 1685 1086 1780; baseline 0.006 -22"><span class='ocrx_word' id='word_1_107' title='bbox 14 1718 41 1775; x_wconf 85' lang='grc' dir='ltr'><em>γε</em></span> <span class='ocrx_word' id='word_1_108' title='bbox 61 1692 122 1779; x_wconf 78' lang='grc' dir='ltr'><em>τὴν</em></span> <span class='ocrx_word' id='word_1_109' title='bbox 153 1699 293 1779; x_wconf 76' lang='grc' dir='ltr'><em>ποίησιν</em></span> <span class='ocrx_word' id='word_1_110' title='bbox 324 1685 425 1780; x_wconf 72' lang='grc' dir='ltr'><em>αὐτὴν</em></span> <span class='ocrx_word' id='word_1_111' title='bbox 455 1692 552 1780; x_wconf 93' lang='grc' dir='ltr'><em>λόγον</em></span> <span class='ocrx_word' id='word_1_112' title='bbox 582 1685 657 1759; x_wconf 71' lang='grc' dir='ltr'><em>οὔδ’</em></span> <span class='ocrx_word' id='word_1_113' title='bbox 690 1689 840 1762; x_wconf 82' lang='grc' dir='ltr'><em>ὁντινοῦν</em></span> <span class='ocrx_word' id='word_1_114' title='bbox 868 1690 1015 1764; x_wconf 79' lang='grc' dir='ltr'><em>δύναιντ’</em></span> <span class='ocrx_word' id='word_1_115' title='bbox 1046 1687 1086 1764; x_wconf 81' lang='grc' dir='ltr'><em>όν</em></span> 
     </span>
     <span class='ocr_line' id='line_1_16' title="bbox 13 1786 1137 1885; baseline 0.01 -28"><span class='ocrx_word' id='word_1_116' title='bbox 13 1786 189 1860; x_wconf 86' lang='grc' dir='ltr'><em>όντειπεῖν.</em></span> <span class='ocrx_word' id='word_1_117' title='bbox 234 1798 453 1877; x_wconf 71' lang='grc' dir='ltr'><em>ταραχθέντων</em></span> <span class='ocrx_word' id='word_1_118' title='bbox 482 1794 518 1861; x_wconf 87' lang='grc' dir='ltr'><em>δέ</em></span> <span class='ocrx_word' id='word_1_119' title='bbox 545 1793 673 1863; x_wconf 86' lang='grc' dir='ltr'><em>τούτων</em></span> <span class='ocrx_word' id='word_1_120' title='bbox 701 1793 838 1864; x_wconf 75' lang='grc' dir='ltr'><em>ἐσκόπει</em></span> <span class='ocrx_word' id='word_1_121' title='bbox 866 1791 884 1863; x_wconf 87' lang='grc' dir='ltr'><em>δ</em></span> <span class='ocrx_word' id='word_1_122' title='bbox 913 1799 1085 1885; x_wconf 78' lang='grc' dir='ltr'><em>Μενεκλῆς</em></span> <span class='ocrx_word' id='word_1_123' title='bbox 1102 1812 1137 1869; x_wconf 82' lang='grc'><em>18</em></span> 
     </span>
     <span class='ocr_line' id='line_1_17' title="bbox 13 1894 1084 1985; baseline 0.006 -26"><span class='ocrx_word' id='word_1_124' title='bbox 13 1894 143 1977; x_wconf 86' lang='grc' dir='ltr'><em>γυναῖκά</em></span> <span class='ocrx_word' id='word_1_125' title='bbox 166 1920 235 1978; x_wconf 90' lang='grc' dir='ltr'><em>μοι,</em></span> <span class='ocrx_word' id='word_1_126' title='bbox 258 1897 314 1961; x_wconf 85' lang='grc' dir='ltr'><em>καὶ</em></span> <span class='ocrx_word' id='word_1_127' title='bbox 336 1894 400 1983; x_wconf 91' lang='grc' dir='ltr'><em>ἐφη</em></span> <span class='ocrx_word' id='word_1_128' title='bbox 422 1921 464 1980; x_wconf 88' lang='grc' dir='ltr'><em>με</em></span> <span class='ocrx_word' id='word_1_129' title='bbox 475 1901 596 1985; x_wconf 86' lang='grc' dir='ltr'><em>χρῆναι</em></span> <span class='ocrx_word' id='word_1_130' title='bbox 609 1900 730 1985; x_wconf 87' lang='grc' dir='ltr'><em>γῆμαι·</em></span> <span class='ocrx_word' id='word_1_131' title='bbox 766 1900 823 1964; x_wconf 81' lang='grc' dir='ltr'><em>καί</em></span> <span class='ocrx_word' id='word_1_132' title='bbox 845 1895 907 1984; x_wconf 80' lang='grc' dir='ltr'><em>ἐγώ</em></span> <span class='ocrx_word' id='word_1_133' title='bbox 925 1897 1084 1984; x_wconf 76' lang='grc' dir='ltr'><em>λαμβάνω</em></span> 
     </span>
     <span class='ocr_line' id='line_1_18' title="bbox 14 1992 1084 2087; baseline 0.008 -28"><span class='ocrx_word' id='word_1_134' title='bbox 14 1995 61 2083; x_wconf 75' lang='grc' dir='ltr'><em>την</em></span> <span class='ocrx_word' id='word_1_135' title='bbox 84 2001 146 2062; x_wconf 77' lang='grc' dir='ltr'><em>τοῦ</em></span> <span class='ocrx_word' id='word_1_136' title='bbox 172 1998 361 2063; x_wconf 77' lang='grc' dir='ltr'><em>Φιλωνίδου</em></span> <span class='ocrx_word' id='word_1_137' title='bbox 384 2001 563 2086; x_wconf 74' lang='grc' dir='ltr'><em>θυγατέρα.</em></span> <span class='ocrx_word' id='word_1_138' title='bbox 609 1992 758 2078; x_wconf 85' lang='grc' dir='ltr'><em>κάκεῖνός</em></span> <span class='ocrx_word' id='word_1_139' title='bbox 779 2023 816 2065; x_wconf 89' lang='grc' dir='ltr'><em>τε</em></span> <span class='ocrx_word' id='word_1_140' title='bbox 837 1997 897 2086; x_wconf 80' lang='grc' dir='ltr'><em>τὴν</em></span> <span class='ocrx_word' id='word_1_141' title='bbox 920 1999 1084 2087; x_wconf 83' lang='grc' dir='ltr'><em>πρόνοιαν</em></span> 
     </span>
     <span class='ocr_line' id='line_1_19' title="bbox 13 2092 1082 2188; baseline 0.005 -26"><span class='ocrx_word' id='word_1_142' title='bbox 13 2095 86 2180; x_wconf 80' lang='grc' dir='ltr'><em>εἶχεν</em></span> <span class='ocrx_word' id='word_1_143' title='bbox 109 2092 226 2185; x_wconf 77' lang='grc' dir='ltr'><em>ὥσπερ</em></span> <span class='ocrx_word' id='word_1_144' title='bbox 250 2098 336 2178; x_wconf 84' lang='grc' dir='ltr'><em>εἰκός</em></span> <span class='ocrx_word' id='word_1_145' title='bbox 358 2097 429 2167; x_wconf 90' lang='grc' dir='ltr'><em>ἐστι</em></span> <span class='ocrx_word' id='word_1_146' title='bbox 451 2104 583 2188; x_wconf 83' lang='grc' dir='ltr'><em>πατέρα</em></span> <span class='ocrx_word' id='word_1_147' title='bbox 605 2103 684 2188; x_wconf 80' lang='grc' dir='ltr'><em>περὶ</em></span> <span class='ocrx_word' id='word_1_148' title='bbox 707 2100 797 2178; x_wconf 76' lang='grc' dir='ltr'><em>υἱέος</em></span> <span class='ocrx_word' id='word_1_149' title='bbox 820 2099 915 2183; x_wconf 85' lang='grc' dir='ltr'><em>ἐχειν,</em></span> <span class='ocrx_word' id='word_1_150' title='bbox 942 2103 998 2167; x_wconf 87' lang='grc' dir='ltr'><em>καὶ</em></span> <span class='ocrx_word' id='word_1_151' title='bbox 1020 2100 1082 2187; x_wconf 82' lang='grc' dir='ltr'><em>ἐγώ</em></span> 
     </span>
     <span class='ocr_line' id='line_1_20' title="bbox 12 2195 1083 2291; baseline 0.004 -27"><span class='ocrx_word' id='word_1_152' title='bbox 12 2199 60 2266; x_wconf 87' lang='grc' dir='ltr'><em>τόν</em></span> <span class='ocrx_word' id='word_1_153' title='bbox 83 2195 184 2268; x_wconf 78' lang='grc' dir='ltr'><em>αὐτόν</em></span> <span class='ocrx_word' id='word_1_154' title='bbox 206 2200 333 2288; x_wconf 89' lang='grc' dir='ltr'><em>τρόπον</em></span> <span class='ocrx_word' id='word_1_155' title='bbox 357 2195 472 2291; x_wconf 73' lang='grc' dir='ltr'><em>ὥσπερ</em></span> <span class='ocrx_word' id='word_1_156' title='bbox 493 2201 580 2287; x_wconf 84' lang='grc' dir='ltr'><em>γόνφ</em></span> <span class='ocrx_word' id='word_1_157' title='bbox 601 2197 682 2268; x_wconf 86' lang='grc' dir='ltr'><em>όντα</em></span> <span class='ocrx_word' id='word_1_158' title='bbox 697 2207 830 2289; x_wconf 85' lang='grc' dir='ltr'><em>πατέρα</em></span> <span class='ocrx_word' id='word_1_159' title='bbox 846 2199 989 2284; x_wconf 76' lang='grc' dir='ltr'><em>ἐμαυτοῦ</em></span> <span class='ocrx_word' id='word_1_160' title='bbox 1005 2200 1083 2268; x_wconf 87' lang='grc' dir='ltr'><em>ἐθε-</em></span> 
     </span>
     <span class='ocr_line' id='line_1_21' title="bbox 11 2297 1083 2390; baseline 0 -23"><span class='ocrx_word' id='word_1_161' title='bbox 11 2301 149 2386; x_wconf 88' lang='grc' dir='ltr'><em>ράπευόν</em></span> <span class='ocrx_word' id='word_1_162' title='bbox 178 2327 214 2367; x_wconf 91' lang='grc' dir='ltr'><em>τε</em></span> <span class='ocrx_word' id='word_1_163' title='bbox 241 2306 298 2369; x_wconf 89' lang='grc' dir='ltr'><em>καὶ</em></span> <span class='ocrx_word' id='word_1_164' title='bbox 328 2297 530 2390; x_wconf 75' lang='grc' dir='ltr'><em>ᾐσχυνόμην,</em></span> <span class='ocrx_word' id='word_1_165' title='bbox 560 2305 614 2368; x_wconf 78' lang='grc' dir='ltr'><em>καὶ</em></span> <span class='ocrx_word' id='word_1_166' title='bbox 647 2301 709 2388; x_wconf 82' lang='grc' dir='ltr'><em>ἐγώ</em></span> <span class='ocrx_word' id='word_1_167' title='bbox 737 2305 795 2369; x_wconf 85' lang='grc' dir='ltr'><em>καὶ</em></span> <span class='ocrx_word' id='word_1_168' title='bbox 823 2297 943 2390; x_wconf 80' lang='grc' dir='ltr'><em>ἦγυνη</em></span> <span class='ocrx_word' id='word_1_169' title='bbox 967 2297 987 2390; x_wconf 84' lang='grc' dir='ltr'>ἡ</span> <span class='ocrx_word' id='word_1_170' title='bbox 1011 2300 1083 2390; x_wconf 80' lang='grc' dir='ltr'><em>ἐμή,</em></span> 
     </span>
     <span class='ocr_line' id='line_1_22' title="bbox 11 2396 974 2492; baseline 0.005 -25"><span class='ocrx_word' id='word_1_171' title='bbox 11 2397 83 2469; x_wconf 76' lang='grc' dir='ltr'><em>ωστ’</em></span> <span class='ocrx_word' id='word_1_172' title='bbox 110 2402 235 2470; x_wconf 86' lang='grc' dir='ltr'><em>ἐκεῖνον</em></span> <span class='ocrx_word' id='word_1_173' title='bbox 258 2402 345 2490; x_wconf 81' lang='grc' dir='ltr'><em>πρὸς</em></span> <span class='ocrx_word' id='word_1_174' title='bbox 367 2403 445 2483; x_wconf 80' lang='grc' dir='ltr'><em>τούς</em></span> <span class='ocrx_word' id='word_1_175' title='bbox 467 2402 614 2492; x_wconf 84' lang='grc' dir='ltr'><em>δημότας</em></span> <span class='ocrx_word' id='word_1_176' title='bbox 638 2401 788 2471; x_wconf 76' lang='grc' dir='ltr'><em>ἐπαινεῖν</em></span> <span class='ocrx_word' id='word_1_177' title='bbox 812 2396 974 2484; x_wconf 75' lang='grc' dir='ltr'><em>ἅπαντας.</em></span> 
     </span>
    </p>

    <p class='ocr_par' dir='ltr' id='par_1_5' title="bbox 10 2498 1133 3305">
     <span class='ocr_line' id='line_1_23' title="bbox 76 2498 1133 2593; baseline 0.005 -20"><span class='ocrx_word' id='word_1_178' title='bbox 76 2499 152 2573; x_wconf 51' lang='grc' dir='ltr'><em>(Ότι</em></span> <span class='ocrx_word' id='word_1_179' title='bbox 175 2504 211 2570; x_wconf 81' lang='grc' dir='ltr'><em>δὲ</em></span> <span class='ocrx_word' id='word_1_180' title='bbox 235 2499 273 2571; x_wconf 78' lang='grc' dir='ltr'><em>οὗ</em></span> <span class='ocrx_word' id='word_1_181' title='bbox 296 2509 477 2593; x_wconf 79' lang='grc' dir='ltr'><em>παρανοῶν</em></span> <span class='ocrx_word' id='word_1_182' title='bbox 501 2498 577 2572; x_wconf 75' lang='grc' dir='ltr'><em>οὐδὲ</em></span> <span class='ocrx_word' id='word_1_183' title='bbox 599 2507 728 2591; x_wconf 82' lang='grc' dir='ltr'><em>γυναικὶ</em></span> <span class='ocrx_word' id='word_1_184' title='bbox 746 2503 987 2592; x_wconf 86' lang='grc' dir='ltr'><em>πειθόμενοςό</em></span> <span class='ocrx_word' id='word_1_185' title='bbox 1004 2512 1079 2574; x_wconf 74' lang='lat' dir='ltr'><em>Me·</em></span> <span class='ocrx_word' id='word_1_186' title='bbox 1097 2522 1133 2578; x_wconf 73' lang='lat'><em>19</em></span> 
     </span>
     <span class='ocr_line' id='line_1_24' title="bbox 11 2593 1081 2697; baseline 0.004 -26"><span class='ocrx_word' id='word_1_187' title='bbox 11 2609 112 2694; x_wconf 82' lang='grc' dir='ltr'><em>νεκλης</em></span> <span class='ocrx_word' id='word_1_188' title='bbox 145 2606 347 2695; x_wconf 80' lang='grc' dir='ltr'><em>ἐποιήσατο,</em></span> <span class='ocrx_word' id='word_1_189' title='bbox 378 2600 453 2673; x_wconf 78' lang='grc' dir='ltr'><em>ἄλλ’</em></span> <span class='ocrx_word' id='word_1_190' title='bbox 487 2593 521 2674; x_wconf 76' lang='grc' dir='ltr'><em>εδ</em></span> <span class='ocrx_word' id='word_1_191' title='bbox 552 2611 701 2697; x_wconf 79' lang='grc' dir='ltr'><em>φρονῶν,</em></span> <span class='ocrx_word' id='word_1_192' title='bbox 732 2606 868 2676; x_wconf 78' lang='grc' dir='ltr'><em>ἐνθένδε</em></span> <span class='ocrx_word' id='word_1_193' title='bbox 891 2607 981 2676; x_wconf 80' lang='grc' dir='ltr'><em>ἐστὶν</em></span> <span class='ocrx_word' id='word_1_194' title='bbox 1003 2605 1081 2692; x_wconf 74' lang='grc' dir='ltr'><em>ὑμῖν</em></span> 
     </span>
     <span class='ocr_line' id='line_1_25' title="bbox 10 2703 1081 2832; baseline 0.001 -58.013"><span class='ocrx_word' id='word_1_195' title='bbox 10 2708 152 2832; x_wconf 75' lang='grc' dir='ltr'><em>ρηδιον</em></span> <span class='ocrx_word' id='word_1_196' title='bbox 139 2713 331 2795; x_wconf 81' lang='grc' dir='ltr'><em>επιγνωναι.</em></span> <span class='ocrx_word' id='word_1_197' title='bbox 376 2713 510 2797; x_wconf 81' lang='grc' dir='ltr'><em>πρῶτον</em></span> <span class='ocrx_word' id='word_1_198' title='bbox 538 2709 599 2793; x_wconf 87' lang='grc' dir='ltr'><em>μέν</em></span> <span class='ocrx_word' id='word_1_199' title='bbox 626 2705 732 2798; x_wconf 86' lang='grc' dir='ltr'><em>γὰρη</em></span> <span class='ocrx_word' id='word_1_200' title='bbox 763 2703 908 2800; x_wconf 82' lang='grc' dir='ltr'><em>άδελφη,</em></span> <span class='ocrx_word' id='word_1_201' title='bbox 940 2712 1020 2795; x_wconf 86' lang='grc' dir='ltr'><em>περὶ</em></span> <span class='ocrx_word' id='word_1_202' title='bbox 1042 2736 1081 2797; x_wconf 92' lang='grc' dir='ltr'><em>ης</em></span> 
     </span>
     <span class='ocr_line' id='line_1_26' title="bbox 10 2803 1080 2928; baseline 0.005 -57"><span class='ocrx_word' id='word_1_203' title='bbox 10 2803 95 2890; x_wconf 79' lang='grc' dir='ltr'><em>οὗτος</em></span> <span class='ocrx_word' id='word_1_204' title='bbox 117 2809 177 2877; x_wconf 89' lang='grc' dir='ltr'><em>τόν</em></span> <span class='ocrx_word' id='word_1_205' title='bbox 200 2812 359 2878; x_wconf 92' lang='grc' dir='ltr'><em>πλεῖστον</em></span> <span class='ocrx_word' id='word_1_206' title='bbox 382 2815 440 2877; x_wconf 80' lang='grc' dir='ltr'><em>τοῦ</em></span> <span class='ocrx_word' id='word_1_207' title='bbox 463 2811 561 2897; x_wconf 90' lang='grc' dir='ltr'><em>λόγου</em></span> <span class='ocrx_word' id='word_1_208' title='bbox 585 2807 831 2928; x_wconf 64' lang='grc' dir='ltr'><em>πεποίηται,“</em></span> <span class='ocrx_word' id='word_1_209' title='bbox 806 2834 852 2887; x_wconf 92' lang='grc' dir='ltr'><em>ως</em></span> <span class='ocrx_word' id='word_1_210' title='bbox 875 2809 980 2896; x_wconf 84' lang='grc' dir='ltr'><em>ἐκείνη</em></span> <span class='ocrx_word' id='word_1_211' title='bbox 1003 2834 1080 2876; x_wconf 92' lang='grc' dir='ltr'><em>πει-</em></span> 
     </span>
     <span class='ocr_line' id='line_1_27' title="bbox 10 2899 1080 3034; baseline 0 -60"><span class='ocrx_word' id='word_1_212' title='bbox 10 2912 139 2991; x_wconf 80' lang='grc' dir='ltr'><em>σθεὶς’</em></span> <span class='ocrx_word' id='word_1_213' title='bbox 125 2938 140 2978; x_wconf 87' lang='grc' dir='ltr'><em>ε</em></span> <span class='ocrx_word' id='word_1_214' title='bbox 142 2911 409 2999; x_wconf 81' lang='grc' dir='ltr'><em>ἐμέποιησατο,</em></span> <span class='ocrx_word' id='word_1_215' title='bbox 439 2911 557 2995; x_wconf 72' lang='grc' dir='ltr'><em>πολλῷ</em></span> <span class='ocrx_word' id='word_1_216' title='bbox 585 2909 750 2996; x_wconf 88' lang='grc' dir='ltr'><em>πρότερον</em></span> <span class='ocrx_word' id='word_1_217' title='bbox 778 2935 819 2996; x_wconf 88' lang='grc' dir='ltr'><em>ην</em></span> <span class='ocrx_word' id='word_1_218' title='bbox 842 2899 1080 3034; x_wconf 85' lang='grc' dir='ltr'><em>ἐκδεδομένηη</em></span> 
     </span>
     <span class='ocr_line' id='line_1_28' title="bbox 10 3002 1079 3102; baseline -0.006 -20.926"><span class='ocrx_word' id='word_1_219' title='bbox 10 3037 55 3100; x_wconf 78' lang='grc' dir='ltr'><em>νην</em></span> <span class='ocrx_word' id='word_1_220' title='bbox 73 3021 213 3102; x_wconf 90' lang='grc' dir='ltr'><em>ποίησιν</em></span> <span class='ocrx_word' id='word_1_221' title='bbox 235 3018 406 3100; x_wconf 87' lang='grc' dir='ltr'><em>γενέσθαι,</em></span> <span class='ocrx_word' id='word_1_222' title='bbox 430 3002 512 3077; x_wconf 78' lang='grc' dir='ltr'><em>ω’στ’</em></span> <span class='ocrx_word' id='word_1_223' title='bbox 539 3009 604 3096; x_wconf 76' lang='grc' dir='ltr'><em>ε’ίγ</em></span> <span class='ocrx_word' id='word_1_224' title='bbox 606 3002 741 3096; x_wconf 78' lang='grc' dir='ltr'><em>’ἐκείνη</em></span> <span class='ocrx_word' id='word_1_225' title='bbox 758 3006 968 3087; x_wconf 83' lang='grc' dir='ltr'><em>πεισθεὶς</em></span> <span class='ocrx_word' id='word_1_226' title='bbox 932 3033 991 3074; x_wconf 94' lang='grc' dir='ltr'><em>τον</em></span> <span class='ocrx_word' id='word_1_227' title='bbox 1006 3006 1079 3075; x_wconf 81' lang='grc' dir='ltr'><em>υἱόν</em></span> 
     </span>
     <span class='ocr_line' id='line_1_29' title="bbox 10 3102 1078 3203; baseline -0.001 -24"><span class='ocrx_word' id='word_1_228' title='bbox 10 3110 157 3197; x_wconf 89' lang='grc' dir='ltr'><em>ἐποιεῖτο,</em></span> <span class='ocrx_word' id='word_1_229' title='bbox 180 3119 247 3182; x_wconf 79' lang='grc' dir='ltr'><em>τῶν</em></span> <span class='ocrx_word' id='word_1_230' title='bbox 271 3115 395 3203; x_wconf 85' lang='grc' dir='ltr'><em>ἐκείνης</em></span> <span class='ocrx_word' id='word_1_231' title='bbox 424 3112 558 3180; x_wconf 91' lang='grc' dir='ltr'><em>παίδων</em></span> <span class='ocrx_word' id='word_1_232' title='bbox 586 3110 646 3178; x_wconf 88' lang='grc' dir='ltr'><em>τόν</em></span> <span class='ocrx_word' id='word_1_233' title='bbox 676 3109 787 3198; x_wconf 76' lang='grc' dir='ltr'><em>ἕτερον</em></span> <span class='ocrx_word' id='word_1_234' title='bbox 817 3102 1043 3199; x_wconf 78' lang='grc' dir='ltr'><em>ἐποιήσατ”</em></span> <span class='ocrx_word' id='word_1_235' title='bbox 1021 3131 1078 3178; x_wconf 90' lang='grc' dir='ltr'><em>αν·</em></span> 
     </span>
     <span class='ocr_line' id='line_1_30' title="bbox 12 3199 1130 3305; baseline 0.004 -25"><span class='ocrx_word' id='word_1_236' title='bbox 12 3213 94 3282; x_wconf 70' lang='grc' dir='ltr'><em>δύο</em></span> <span class='ocrx_word' id='word_1_237' title='bbox 85 3218 147 3305; x_wconf 87' lang='grc' dir='ltr'><em>γάρ</em></span> <span class='ocrx_word' id='word_1_238' title='bbox 178 3217 262 3285; x_wconf 82' lang='grc' dir='ltr'><em>εἰσιν</em></span> <span class='ocrx_word' id='word_1_239' title='bbox 293 3211 385 3304; x_wconf 74' lang='grc' dir='ltr'><em>οὔτῇ.</em></span> <span class='ocrx_word' id='word_1_240' title='bbox 431 3207 523 3296; x_wconf 80' lang='grc' dir='ltr'><em>ἄλλ’,</em></span> <span class='ocrx_word' id='word_1_241' title='bbox 554 3199 580 3280; x_wconf 79' lang='grc' dir='ltr'><em>τό</em></span> <span class='ocrx_word' id='word_1_242' title='bbox 612 3209 744 3301; x_wconf 88' lang='grc' dir='ltr'><em>άνδρες,</em></span> <span class='ocrx_word' id='word_1_243' title='bbox 775 3205 832 3297; x_wconf 85' lang='grc' dir='ltr'><em>οόχ</em></span> <span class='ocrx_word' id='word_1_244' title='bbox 860 3205 922 3279; x_wconf 83' lang='grc' dir='ltr'><em>δπ</em></span> <span class='ocrx_word' id='word_1_245' title='bbox 954 3210 1077 3304; x_wconf 88' lang='grc' dir='ltr'><em>ἐκείνης</em></span> <span class='ocrx_word' id='word_1_246' title='bbox 1092 3228 1130 3286; x_wconf 79' lang='lat'><em>20</em></span> 
     </span>
    </p>
   </div>
   <div class='ocr_carea' id='block_1_5' title="bbox 12 3335 204 3346">
    <p class='ocr_par' dir='ltr' id='par_1_6' title="bbox 12 3335 204 3346">
     <span class='ocr_line' id='line_1_31' title="bbox 12 3335 204 3346; baseline 0.005 -1"><span class='ocrx_word' id='word_1_247' title='bbox 12 3335 204 3346; x_wconf 39' lang='lat' dir='ltr'><strong>w...-</strong></span> 
     </span>
    </p>
   </div>
   <div class='ocr_carea' id='block_1_6' title="bbox 13 3388 1078 3969">
    <p class='ocr_par' dir='ltr' id='par_1_7' title="bbox 13 3388 1078 3722">
     <span class='ocr_line' id='line_1_32' title="bbox 67 3388 1076 3463; baseline -0.002 -15"><span class='ocrx_word' id='word_1_248' title='bbox 67 3395 108 3449; x_wconf 80' lang='lat'><em>16.</em></span> <span class='ocrx_word' id='word_1_249' title='bbox 127 3392 176 3448; x_wconf 83' lang='lat'><em>2‘</em></span> <span class='ocrx_word' id='word_1_250' title='bbox 161 3399 226 3463; x_wconf 81' lang='grc' dir='ltr'><em>ημῖν</em></span> <span class='ocrx_word' id='word_1_251' title='bbox 245 3397 275 3461; x_wconf 85' lang='grc' dir='ltr'><em>Α,</em></span> <span class='ocrx_word' id='word_1_252' title='bbox 293 3411 343 3449; x_wconf 87' lang='lat' dir='ltr'><em>om.</em></span> <span class='ocrx_word' id='word_1_253' title='bbox 363 3395 396 3456; x_wconf 80' lang='lat' dir='ltr'><em>Q.</em></span> <span class='ocrx_word' id='word_1_254' title='bbox 416 3410 464 3448; x_wconf 85' lang='lat' dir='ltr'><em>em.</em></span> <span class='ocrx_word' id='word_1_255' title='bbox 483 3393 614 3463; x_wconf 77' lang='lat' dir='ltr'>Tyrwhitt</span> <span class='ocrx_word' id='word_1_256' title='bbox 631 3423 664 3432; x_wconf 89' lang='lat'><em>-</em></span> <span class='ocrx_word' id='word_1_257' title='bbox 684 3396 700 3445; x_wconf 78' lang='lat'>4</span> <span class='ocrx_word' id='word_1_258' title='bbox 718 3388 815 3460; x_wconf 78' lang='grc' dir='ltr'><em>ἡμῖνΟ</em></span> <span class='ocrx_word' id='word_1_259' title='bbox 834 3421 866 3430; x_wconf 91' lang='grc'><strong>-</strong></span> <span class='ocrx_word' id='word_1_260' title='bbox 885 3413 901 3459; x_wconf 89' lang='grc' dir='ltr'><em>η</em></span> <span class='ocrx_word' id='word_1_261' title='bbox 919 3410 970 3447; x_wconf 86' lang='lat' dir='ltr'><em>om.</em></span> <span class='ocrx_word' id='word_1_262' title='bbox 989 3395 1011 3445; x_wconf 77' lang='grc' dir='ltr'><strong>Α</strong></span> <span class='ocrx_word' id='word_1_263' title='bbox 1030 3412 1076 3462; x_wconf 68' lang='lat' dir='ltr'><em>pr„</em></span> 
     </span>
     <span class='ocr_line' id='line_1_33' title="bbox 13 3473 1078 3544; baseline -0.001 -16"><span class='ocrx_word' id='word_1_264' title='bbox 13 3490 64 3533; x_wconf 64' lang='grc' dir='ltr'><em>εν.</em></span> <span class='ocrx_word' id='word_1_265' title='bbox 81 3480 138 3532; x_wconf 85' lang='lat' dir='ltr'><strong>add.</strong></span> <span class='ocrx_word' id='word_1_266' title='bbox 159 3484 224 3532; x_wconf 89' lang='grc'><em>1-</em></span> <span class='ocrx_word' id='word_1_267' title='bbox 244 3482 259 3532; x_wconf 87' lang='grc'>6</span> <span class='ocrx_word' id='word_1_268' title='bbox 276 3477 328 3532; x_wconf 84' lang='grc' dir='ltr'><em>τὸν</em></span> <span class='ocrx_word' id='word_1_269' title='bbox 345 3495 395 3532; x_wconf 86' lang='lat' dir='ltr'><em>om.</em></span> <span class='ocrx_word' id='word_1_270' title='bbox 414 3479 435 3540; x_wconf 72' lang='lat' dir='ltr'>Q</span> <span class='ocrx_word' id='word_1_271' title='bbox 455 3509 487 3518; x_wconf 81' lang='lat'><em>-</em></span> <span class='ocrx_word' id='word_1_272' title='bbox 506 3483 519 3530; x_wconf 81' lang='grc'><em>1</em></span> <span class='ocrx_word' id='word_1_273' title='bbox 541 3479 590 3531; x_wconf 80' lang='lat' dir='ltr'>titt.</span> <span class='ocrx_word' id='word_1_274' title='bbox 609 3479 634 3531; x_wconf 88' lang='lat' dir='ltr'><em>in</em></span> <span class='ocrx_word' id='word_1_275' title='bbox 653 3480 752 3544; x_wconf 58' lang='grc' dir='ltr'><em>ιαμ,</em></span> <span class='ocrx_word' id='word_1_276' title='bbox 771 3493 821 3531; x_wconf 85' lang='lat' dir='ltr'><em>om.</em></span> <span class='ocrx_word' id='word_1_277' title='bbox 840 3477 869 3539; x_wconf 81' lang='grc' dir='ltr'><strong>Ο.</strong></span> <span class='ocrx_word' id='word_1_278' title='bbox 938 3478 978 3531; x_wconf 80' lang='grc'><em>17.</em></span> <span class='ocrx_word' id='word_1_279' title='bbox 997 3481 1013 3529; x_wconf 79' lang='lat'>2</span> <span class='ocrx_word' id='word_1_280' title='bbox 1032 3473 1078 3528; x_wconf 82' lang='grc' dir='ltr'><em>αὖ·</em></span> 
     </span>
     <span class='ocr_line' id='line_1_34' title="bbox 14 3556 1076 3633; baseline 0.001 -20"><span class='ocrx_word' id='word_1_281' title='bbox 14 3557 60 3613; x_wconf 66' lang='grc' dir='ltr'><em>εδει</em></span> <span class='ocrx_word' id='word_1_282' title='bbox 71 3559 170 3631; x_wconf 68' lang='grc' dir='ltr'><em>άμῖνΟ</em></span> <span class='ocrx_word' id='word_1_283' title='bbox 189 3569 248 3618; x_wconf 77' lang='lat' dir='ltr'><em>lest</em></span> <span class='ocrx_word' id='word_1_284' title='bbox 261 3559 533 3633; x_wconf 65' lang='grc' dir='ltr'><em>Μι1,αῖτὸειὲμῖυο</em></span> <span class='ocrx_word' id='word_1_285' title='bbox 553 3556 1076 3628; x_wconf 74' lang='grc' dir='ltr'><strong>1111.Β11.-3καὶοιδημόταιο111</strong></span> 
     </span>
     <span class='ocr_line' id='line_1_35' title="bbox 15 3642 993 3722; baseline -0.006 -20"><span class='ocrx_word' id='word_1_286' title='bbox 15 3642 79 3702; x_wconf 72' lang='lat' dir='ltr'><em>Q-</em></span> <span class='ocrx_word' id='word_1_287' title='bbox 100 3643 298 3717; x_wconf 81' lang='grc' dir='ltr'><em>4δμῖνΑ-</em></span> <span class='ocrx_word' id='word_1_288' title='bbox 322 3652 336 3701; x_wconf 89' lang='grc'>5</span> <span class='ocrx_word' id='word_1_289' title='bbox 360 3645 572 3722; x_wconf 70' lang='grc' dir='ltr'><em>μεμαρτυρηκώς</em></span> <span class='ocrx_word' id='word_1_290' title='bbox 589 3648 611 3700; x_wconf 89' lang='grc' dir='ltr'>Α</span> <span class='ocrx_word' id='word_1_291' title='bbox 630 3665 677 3715; x_wconf 65' lang='lat' dir='ltr'><em>pr„</em></span> <span class='ocrx_word' id='word_1_292' title='bbox 703 3644 778 3701; x_wconf 89' lang='grc' dir='ltr'><em>δια</em></span> <span class='ocrx_word' id='word_1_293' title='bbox 771 3664 797 3700; x_wconf 84' lang='grc' dir='ltr'><em>ιο</em></span> <span class='ocrx_word' id='word_1_294' title='bbox 822 3661 874 3712; x_wconf 74' lang='lat' dir='ltr'><em>mg.</em></span> <span class='ocrx_word' id='word_1_295' title='bbox 892 3645 950 3698; x_wconf 79' lang='lat' dir='ltr'><strong>add.</strong></span> <span class='ocrx_word' id='word_1_296' title='bbox 972 3649 993 3699; x_wconf 87' lang='lat'><em>1.</em></span> 
     </span>
    </p>

    <p class='ocr_par' dir='ltr' id='par_1_8' title="bbox 16 3720 1076 3969">
     <span class='ocr_line' id='line_1_36' title="bbox 16 3720 1076 3803; baseline -0.001 -21"><span class='ocrx_word' id='word_1_297' title='bbox 16 3727 48 3782; x_wconf 88' lang='grc' dir='ltr'><em>Ῑδ.</em></span> <span class='ocrx_word' id='word_1_298' title='bbox 63 3727 180 3803; x_wconf 79' lang='grc' dir='ltr'><em>1ηνπιρ</em></span> <span class='ocrx_word' id='word_1_299' title='bbox 190 3733 290 3786; x_wconf 87' lang='lat' dir='ltr'><em>Bk</em></span> <span class='ocrx_word' id='word_1_300' title='bbox 309 3731 419 3794; x_wconf 77' lang='grc' dir='ltr'><em>υἱεωεΟ</em></span> <span class='ocrx_word' id='word_1_301' title='bbox 438 3737 498 3787; x_wconf 78' lang='lat' dir='ltr'><strong>test.</strong></span> <span class='ocrx_word' id='word_1_302' title='bbox 511 3732 610 3786; x_wconf 83' lang='lat' dir='ltr'><strong>Bk.—</strong></span> <span class='ocrx_word' id='word_1_303' title='bbox 629 3738 642 3786; x_wconf 79' lang='lat'>5</span> <span class='ocrx_word' id='word_1_304' title='bbox 663 3727 935 3801; x_wconf 70' lang='grc' dir='ltr'><em>πατέραόνταθ-</em></span> <span class='ocrx_word' id='word_1_305' title='bbox 954 3720 1076 3782; x_wconf 75' lang='grc' dir='ltr'><em>Ἰόπαν-</em></span> 
     </span>
     <span class='ocr_line' id='line_1_37' title="bbox 16 3805 1076 3887; baseline -0.006 -17"><span class='ocrx_word' id='word_1_306' title='bbox 16 3796 1076 3887; x_wconf 64' lang='grc' dir='ltr'><strong>11011111Μ1119.2.3ῥᾳδιονυμινο4τδνετδΑ-5ἢιπρινη</strong></span> 
     </span>
     <span class='ocr_line' id='line_1_38' title="bbox 17 3890 1074 3969; baseline -0.011 -12"><span class='ocrx_word' id='word_1_307' title='bbox 17 3894 74 3944; x_wconf 69' lang='grc' dir='ltr'>Α</span> <span class='ocrx_word' id='word_1_308' title='bbox 90 3907 147 3956; x_wconf 79' lang='grc'><strong>67.</strong></span> <span class='ocrx_word' id='word_1_309' title='bbox 166 3900 215 3956; x_wconf 85' lang='grc' dir='ltr'><em>τὸν</em></span> <span class='ocrx_word' id='word_1_310' title='bbox 232 3900 294 3956; x_wconf 84' lang='grc' dir='ltr'><em>υἱὸν</em></span> <span class='ocrx_word' id='word_1_311' title='bbox 312 3903 445 3956; x_wconf 77' lang='grc' dir='ltr'><em>ίποιεῖτοε</em></span> <span class='ocrx_word' id='word_1_312' title='bbox 456 3901 504 3969; x_wconf 72' lang='grc' dir='ltr'><em>ἐμὲ</em></span> <span class='ocrx_word' id='word_1_313' title='bbox 521 3897 761 3968; x_wconf 76' lang='grc' dir='ltr'><em>ίποιὴσατοΟ-</em></span> <span class='ocrx_word' id='word_1_314' title='bbox 728 3890 989 3961; x_wconf 71' lang='grc' dir='ltr'><em>-Ίῖποιήσατ”“</em></span> <span class='ocrx_word' id='word_1_315' title='bbox 970 3916 1006 3948; x_wconf 88' lang='grc' dir='ltr'><em>αν</em></span> <span class='ocrx_word' id='word_1_316' title='bbox 1024 3910 1074 3946; x_wconf 89' lang='lat' dir='ltr'><em>om.</em></span> 
     </span>
    </p>
   </div>
   <div class='ocr_carea' id='block_1_7' title="bbox 16 3975 916 4114">
    <p class='ocr_par' dir='ltr' id='par_1_9' title="bbox 16 3975 916 4114">
     <span class='ocr_line' id='line_1_39' title="bbox 16 3975 916 4114; baseline 0.01 -81"><span class='ocrx_word' id='word_1_317' title='bbox 16 3975 32 4026; x_wconf 79' lang='grc' dir='ltr'><em>δ</em></span> <span class='ocrx_word' id='word_1_318' title='bbox 42 3996 81 4049; x_wconf 65' lang='grc' dir='ltr'><em>γε,</em></span> <span class='ocrx_word' id='word_1_319' title='bbox 96 3988 122 4038; x_wconf 88' lang='lat' dir='ltr'><em>in</em></span> <span class='ocrx_word' id='word_1_320' title='bbox 140 4003 188 4040; x_wconf 80' lang='lat' dir='ltr'>ras.</span> <span class='ocrx_word' id='word_1_321' title='bbox 207 3986 264 4039; x_wconf 80' lang='lat' dir='ltr'>add.</span> <span class='ocrx_word' id='word_1_322' title='bbox 283 3991 305 4040; x_wconf 92' lang='lat'><em>1.</em></span> <span class='ocrx_word' id='word_1_323' title='bbox 884 4063 916 4114; x_wconf 59' lang='lat'><em>2*</em></span> 
     </span>
    </p>
   </div>
   <div class='ocr_carea' id='block_1_8' title="bbox 0 0 1287 4478">
    <p class='ocr_par' dir='ltr' id='par_1_10' title="bbox 0 0 1287 4478">
     <span class='ocr_line' id='line_1_40' title="bbox 0 0 1287 4478; baseline 0 0"><span class='ocrx_word' id='word_1_324' title='bbox 0 0 1287 4478; x_wconf 95' lang='lat' dir='ltr'><em> </em></span> 
     </span>
    </p>
   </div>
  </div>
 </body>
</html>
