2572 4476
110 257 152 317 54
375 299 379 307 .
594 256 702 310 ΙΣΑΙΟΥ
1122 274 1155 316 or.
1166 276 1182 314 5.

75 435 95 491 2
113 426 248 515 ἕγγυητῇ
262 429 427 513 γενομένῳ
442 431 687 512 Δικαιογένοος,
710 419 825 514 ὥσπερ
840 420 1093 511 άντωμόσαμεν.
1121 433 1181 492 Καὶ

109 552 170 611 μοι
192 524 367 613 ἀνάγνωθι
388 525 448 616 τὴν
472 520 694 612 ἆντωμοσίαν.

528 649 770 702 ΑΝΤΩΜΟΣΙΑ.

193 729 248 811 Ὡς
269 739 380 800 τοίνυν
404 725 517 821 άληθῆ
540 725 789 816 ἆντωμόσαμεν,
813 731 1050 820 Κηφισόδοτος
1077 727 1177 797 οὑτοσὶ

106 831 193 917 οἶδε,
216 838 272 901 καὶ
293 834 464 923 μάρτυρας
485 831 563 918 ὑμῖν
585 833 806 922 παρεξόμεθα
820 837 956 920 πρῶτον
978 833 1040 917 μὲν
1063 829 1108 911 ὥς
1122 826 1176 896 άπ-

112 941 191 1026 έστη
213 942 432 1026 Δικαιογένης
453 933 533 1024 ἡμῖν
547 951 619 1003 τοῖν
642 937 735 1004 δυοῖν
756 950 872 1024 μεροῖν
886 939 946 1002 τοῦ
962 935 1095 1023 κλάρου,
1117 931 1176 1001 εἶτα

112 1033 159 1116 ὥς
186 1031 372 1125 ἠγγυήσατο
395 1036 590 1125 Λεωχάρης.
640 1044 710 1104 Καί
737 1064 796 1121 μοι
823 1030 995 1124 άνάγνωθι
1024 1036 1085 1124 τὴν
1105 1060 1176 1121 μαρ-

111 1146 236 1226 τυρίον.

545 1243 761 1296 ΜΑΡΤΥΡΙΑ.

79 1323 97 1378 ⁸
137 1338 139 1342 ‘
205 1329 278 1391 Τῶν
300 1324 360 1408 μὲν
382 1325 559 1412 μαρτύρων
581 1318 752 1414 άκηκόατε,
775 1327 831 1390 καὶ
854 1321 900 1403 ιῦς
923 1318 961 1391 οό
976 1319 1110 1416 τάληθη
1130 1348 1177 1408 με·

111 1426 368 1552 μαρτυρήκασιν,
393 1419 465 1493 οὐδ’
486 1417 526 1494 δν
549 1419 650 1494 αὐτὸν
666 1423 762 1511 οἶμαι
775 1426 943 1516 Λεωχάρη
960 1426 1085 1495 εἰπεῖν’
1108 1427 1178 1500 ἰ’σως

114 1527 187 1595 δὲ’
173 1521 229 1595 επ’
257 1527 380 1597 εκεῖνον
401 1533 565 1649 τρέηιεται
586 1527 644 1597 τὸν
667 1524 829 1616 Myous
804 1553 850 1607 ως
871 1534 1091 1618 Δικαιογένης
1110 1521 1178 1593 τεά

112 1627 193 1751 ημῖν
215 1624 471 1720 ὡμολόγησεν”
449 1657 584 1700 απαντα
605 1639 785 1722 πεποίηκε,
808 1633 864 1697 καὶ
881 1624 981 1709 αὐτὸς
995 1629 1056 1718 τὴν
1079 1627 1178 1716 εγγόην

114 1727 169 1800 ότι
192 1727 373 1800 άπέδωκεν.
425 1734 455 1801 εἰ
484 1760 541 1802 ουν
570 1728 665 1801 ταῦτ
691 1733 787 1856 ἐρεῖ,
792 1733 956 1818 ψεύσεται
983 1735 1040 1799 καὶ
1070 1731 1142 1820 ῥαδό
1145 1750 1222 1802 ως

114 1833 397 1922 εξελεγχθησεται.
434 1828 662 1922 άναγνιόσεται
683 1834 746 1923 γάρ
769 1831 846 1919 ὑμῖν
869 1828 933 1902 ὅσα
954 1836 1114 1900 κατέλιπε
1127 1834 1224 1898 Λι-·

112 1932 329 2023 καιογένηςτ
312 1960 329 2001 ο
354 1935 586 2013 Μενεξένου’
572 1962 606 2003 εν
634 1940 683 2022 τηῖ
710 1935 820 2023 κλήρῳ
841 1938 899 2002 καὶ
927 1934 969 2001 τὰ
995 1926 1182 2022 χρήματαδ
1224 1988 1226 1997 .

115 2034 223 2125 ἔλαβε.

446 2198 458 2210 ,,
540 2141 765 2193 ΑΠοΓυΑσΗ.
930 2163 931 2166 ¹

80 2227 101 2283 4
207 2225 320 2289 Ταῦτα
335 2221 366 2289 εἰ
387 2223 447 2307 μὲν
461 2223 507 2312 μή
530 2248 616 2315 φασι
630 2229 830 2313 Δικαιογένη
850 2222 909 2291 τὸν
923 2219 1081 2312 ἡμέτερον
1096 2228 1186 2290 θεῖον

116 2323 223 2405 ζιῦντα
245 2328 429 2413 κεκτῆσθαι
446 2328 503 2393 καὶ
526 2321 788 2416 ἀποθνῄσκοντα
809 2323 889 2415 ἡμῖν
905 2325 1030 2406 δοῦναι,
1054 2322 1189 2392 ἀποδει-

116 2425 285 2503 ξάτωσαν·
316 2426 346 2492 εἰ
369 2426 482 2493 δὲκαὶ
505 2426 628 2496 ἐκεῖνον
650 2431 848 2499 καταλιπεῖν
870 2430 927 2494 καὶ
954 2423 1042 2515 ἡμᾶς
1062 2428 1191 2510 κεκομί·

116 2532 211 2608 σθαι,
234 2526 478 2614 μαρτυρησάτω
499 2554 552 2605 τις
575 2523 698 2606 αὐτοῖς.
734 2523 789 2596 ὅτι
810 2531 870 2612 μὲν
891 2528 955 2615 γὰρ
977 2533 1193 2615 Δικαιογένης

115 2624 281 2713 ὡμολόγει
302 2625 559 2714 παραδώσεινί
540 2643 619 2715 ημῖν
642 2623 688 2696 ὧν
709 2629 887 2695 κατέλιπεν
910 2622 1190 2702 ὁΜενεξένου
1149 2651 1196 2694 τα

117 2728 175 2796 δύο
191 2725 324 2818 μέρη(
306 2742 401 2818 ημεῖς
422 2722 593 2848 μάρτυρας
607 2728 838 2816 παρεχόμεθα,
861 2719 959 2792 καὶ”
940 2750 994 2794 οτι
1007 2726 1200 2818 Λεωχάρης

116 2826 302 2952 ηγγυήσατο
319 2825 420 2899 αὐτόν
435 2835 541 2898 ταῦτα
555 2849 727 2919 ποιησειν
749 2830 805 2894 καὶ
827 2824 891 2916 γάρ
907 2825 1115 2911 δικαζόμεθα
1139 2826 1198 2897 διδ

117 2940 226 3018 τοῦτο,
255 2938 310 3003 καὶ
333 2938 437 3001 ταῦτα
466 2926 714 3018 άντωμόσαμεν.
767 2935 837 2995 Καί
857 2955 917 3014 μοι
940 2921 1115 3016 άνάγνωθι
1136 2956 1199 3019 την

119 3031 343 3122 άντωμοσῖαν.

535 3136 777 3189 ΑΝΤΩΜΟΣΙΑ.

82 3229 105 3285 5Ὶ
206 3219 248 3285 El
268 3221 329 3304 μὲν
349 3227 470 3300 τοίνυν,
493 3206 520 3284 ὦ
543 3213 675 3304 άνδρες,
698 3220 779 3306 περὶ
799 3218 926 3287 τούτων
948 3219 1085 3304 ’ἔμελλον
1108 3215 1197 3290 άπο-

24 3347 26 3351 ’
119 3319 332 3408 λογήσασθαι
353 3319 456 3405 μόνον
471 3318 658 3407 Λεωχάρης
678 3311 941 3410 ἢΛικαιογένης,
964 3317 1056 3410 ἤρκει
1079 3317 1120 3390 άν
1137 3350 1198 3408 μοι

204 3575 230 3630 3.
249 3570 380 3645 4·ἑγγάην
398 3579 425 3625 ει
448 3578 464 3628 6
482 3571 707 3645 ἐξελεγχθήσεται
725 3574 757 3626 de
775 3590 845 3626 meo:
869 3571 1000 3645 ἐξεγγάην
1024 3579 1050 3627 et
1068 3572 1198 3646 ἐλεγχθή-

119 3677 198 3711 σεται
214 3688 248 3698 -
270 3652 447 3712 σάπᾰδωκιν
470 3674 534 3711 corr.
556 3664 583 3723 1,
606 3652 760 3712 ὂτ..,ω.ιν
777 3674 816 3725 pr.
840 3687 874 3696 —
898 3663 914 3712 9
932 3661 972 3712 tit.
1000 3660 1057 3712 add.
1077 3658 1197 3714 Schoem.

204 3741 232 3797 4.
249 3745 266 3794 4
281 3737 485 3816 μαρτ.ρησάτοι
501 3760 549 3812 pr„
567 3759 630 3798 corr.
651 3748 663 3796 1
685 3774 718 3781 -
735 3748 750 3796 5
770 3738 785 3794 ό
803 3729 1000 3812 μινεξένουηάν
1016 3743 1145 3797 κατέλιπε
1163 3743 1198 3797 τὰ

182 3830 202 3891 β
415 3847 433 3879 α
564 3847 581 3880 ν

120 3909 167 3960 pr„
185 3892 200 3944 ὂ
216 3894 371 3964 μενεξένοοΙ
382 3881 423 3948 ὧν
440 3895 569 3950 κατέλιπε
585 3915 621 3947 τα
639 3911 703 3948 corr.
722 3899 736 3948 2
755 3925 788 3934 -
807 3898 822 3948 6
842 3890 1032 3965 παρεξόμεθαε
1056 3911 1104 3949 em.
1124 3896 1198 3950 Turr.

119 3994 145 4048 ὃ.
167 3997 188 4046 1.
206 3993 315 4050 τούτων
331 3981 420 4068 μόνον
435 4028 469 4036 -
487 4002 501 4051 2
520 3993 610 4064 ἢικαὶ
627 3997 685 4051 Dbr.
