2550 4478
114 235 176 298 108
595 242 710 332 κΙΣΑΙΟΥ
1118 260 1162 303 or.

79 417 257 479 ίσασθαι.
302 410 379 480 ἐπεὶ
401 406 432 477 δ)
460 411 623 503 ἐκομίσθη
647 412 690 479 τὰ
713 407 797 480 ὀστᾶ
820 416 878 479 τοῦ
902 406 1062 501 ἀδελφοῦ,
1084 411 1101 480 ὁ
1125 441 1162 498 μ.

113 513 406 600 προσποιούμενος
428 515 537 582 πύλαι
557 513 631 594 υἱὸς
660 514 932 604 εἰσπεποιῆσθαι
954 508 993 581 οῦ
1017 515 1162 603 προύθετ

113 609 345 703 οῦδίέθαψεν,
364 621 372 700 Ι
391 617 424 683 οἱ
440 617 476 683 δὲ
491 618 587 705 φίλοι
598 609 801 706 Ἀστυφίλου
812 619 868 684 καὶ
885 618 918 684 οἱ
934 623 1162 705 σοστρατιιῦτο

113 713 257 805 δρῶντες
283 717 342 787 τὸν
371 724 503 805 πατέρα
529 716 588 786 τὸν
617 717 697 803 ἐμὸν
720 712 965 807 ἀρρωστοῦντα,
993 717 1052 804 ἐμὲ
1074 720 1109 786 δέ
1129 731 1162 786 οι·

112 819 356 911 ἐπιδημοῦντα,
387 814 482 887 αῦτολ
510 823 566 887 καὶ
589 819 779 908 προύθεντο
801 823 858 887 καὶ
886 807 992 887 τῦλλα
1015 821 1123 889 πάντα
1142 845 1162 885 τ

113 922 313 1008 νομιζόμενα
341 921 507 1011 ἐποίησαν
533 925 589 990 καί
618 921 677 990 τὸν
705 921 784 1008 ἐμόν
819 929 952 1011 πατέρα
981 917 1162 992 ῦσθενοῦντ

112 1022 169 1091 ἐπί
200 1022 238 1090 τὸ
268 1029 381 1112 μνῆμα
412 1019 536 1113 ἤγαγον
564 1012 600 1092 εῦ
628 1025 756 1104 εἰδότες
785 1019 839 1093 ότι
868 1019 1057 1106 ἀσπάζοιτο
1090 1019 1162 1092 αῦτὲ

111 1119 322 1215 Ἀστύφιλος.
359 1124 478 1191 τούτου
502 1119 536 1191 δ’
553 1122 631 1211 ύμῖν
648 1121 767 1205 αύτούς
788 1127 867 1206 τοῦς
882 1126 1093 1217 ἐπιτηδείους
1112 1124 1162 1194 τοτ’

113 1225 237 1294 ἐκείνου
259 1226 431 1314 μάρτυρας
453 1225 643 1312 παρέξομαι
665 1233 732 1295 τιῦν
754 1225 943 1319 παρόντων.

542 1349 765 1402 ΜΑΡΤΥΡΕΣ.

76 1445 95 1500 6
190 1424 267 1499 Ὅτι
288 1430 349 1516 μέν
364 1422 422 1497 οῦκ
445 1428 561 1517 ἔθαψε
576 1433 692 1498 Κλέων
712 1427 925 1522 Άστύφιλον,
948 1426 1023 1500 οῦδ’
1042 1424 1108 1518 (δν)
1130 1424 1162 1499 αῦ

111 1532 170 1613 τὸς
192 1532 328 1622 ’ἔξαρνος
349 1537 478 1620 γένοιτο
500 1533 751 1622 μεμαρτύρηται
771 1560 809 1601 τε
823 1531 916 1619 ύμῖν·
941 1533 1059 1625 ἐπειδὴ
1076 1535 1112 1602 δέ
1128 1533 1162 1601 ἐπ

113 1635 263 1726 εδήμησα
285 1632 347 1722 ἐγώ
372 1637 427 1701 καὶ
448 1628 606 1724 ᾐσθόμην
619 1642 870 1724 καρπουμένους
891 1636 1030 1716 τούτους
1052 1636 1092 1704 τὰ
1107 1635 1162 1704 έκει

112 1764 179 1822 νου,
197 1791 204 1806 .
222 1790 256 1806 ..
278 1735 296 1805 ό
321 1737 357 1803 δὲ
386 1734 459 1815 υἱός
488 1731 589 1804 αὐτοῦ
611 1744 776 1828 ποιηθείη
798 1735 866 1806 ῦπὸ
889 1732 1109 1828 Ἀστυφίλου,
1134 1765 1162 1805 κι

111 1840 238 1908 τούτων
262 1839 429 1926 διαθήκας
456 1839 639 1907 καταλίποι
666 1840 761 1925 παρὰ
781 1836 934 1930 Ἱεροκλεῖ
950 1837 1162 1931 Ἡφαιστιόδη

106 1935 257 2033 Ιἐκκαύσας
280 1935 311 2007 δ’
338 1938 400 2026 ἐγώ
430 1942 582 2026 λέγοντος
604 1935 706 2008 αῦτοῦ
731 1947 837 2009 ταῦτα
865 1941 1076 2032 ἐπορευόμην
1097 1967 1162 2029 παρ

110 2041 169 2110 τὸν
187 2037 359 2130 Ἱεροκλέα,
383 2027 417 2107 εῦ
440 2042 501 2126 μέν
524 2041 622 2121 εἰδώς
644 2036 697 2111 ότι
719 2040 766 2123 ιύς
790 2043 920 2111 οἷόντε
943 2043 1094 2128 μάλιστα
1116 2043 1162 2110 ἐπι

77 2145 244 2233 θτήδειος
265 2144 316 2234 εἰἠ
340 2145 482 2225 Κλέωνι,
506 2137 564 2227 ούχ
585 2141 766 2233 ἡγούμενος
788 2140 820 2212 δ’
840 2137 880 2212 όν
904 2139 1005 2213 αῦτὸν
1027 2149 1162 2234 τολμῆσι

110 2273 145 2314 τι
168 2246 368 2334 ψεύσασθαι
390 2244 474 2313 κατὰ
489 2240 692 2336 Ἀστυφίλου
707 2248 986 2337 τετελευτηκότος,
1009 2252 1065 2316 καὶ
1088 2253 1162 2315 ταῦτ

29 2404 37 2417 .
111 2353 209 2416 θεῖον
237 2343 319 2415 όντα
345 2353 402 2416 καὶ
430 2347 512 2434 ἐμοῦ
539 2351 594 2415 καὶ
625 2349 760 2418 ἐκείνου.
805 2345 896 2436 ὅμως
925 2351 976 2433 δέ,
1007 2337 1034 2417 ιῦ
1066 2347 1162 2439 ἄνδρες

111 2443 207 2515 οῦδὲν
229 2450 356 2516 τούτων
370 2448 658 2538 ὑπολογισάμενος
672 2450 689 2518 ό
704 2449 872 2541 Ἱεροκλῆς,
897 2451 1112 2539 ἐρωτώμενος
1125 2448 1162 2518 ῦπ

112 2549 193 2634 ἐμοῦ
223 2544 424 2637 ἀπεκρίνατό
447 2576 507 2635 μοι
535 2544 589 2618 ότι
617 2553 688 2636 έχοι
715 2552 776 2632 τὰς
799 2554 983 2643 διαθήκας·
1015 2558 1128 2643 λαβεῖν
1151 2553 1162 2619 ἐ

111 2652 176 2742 ἔφη
201 2646 303 2730 αῦτὰς
324 2651 419 2740 παρὰ
442 2647 655 2743 Ἅστυφίλου,
685 2648 742 2721 ὅτε
768 2655 816 2734 εἷς
837 2657 1036 2748 Μυτιλήνην
1059 2657 1162 2743 ἐμελλι

112 2753 236 2832 ἐκεῖνος
258 2752 402 2822 ἐκπλεῖν.
444 2750 499 2834 Ὡς
521 2754 557 2822 δέ
578 2750 674 2823 ταῦτ’
690 2756 809 2844 ἐλεμεν,
833 2752 1010 2846 ἆνόγνωθί
1030 2785 1090 2845 μοι
1110 2755 1162 2825 ταῦ

111 2884 171 2948 την
189 2855 252 2947 ’τὴν
273 2865 460 2947 μαρτυρίαν
483 2850 550 2946 [ότι
569 2854 730 2948 Ἱεροκλῆς
752 2853 979 2949 ῦπειρίνατο].

538 2981 755 3034 ΜΑΡΊὝΡΙΛ.

78 3077 94 3130 7
193 3055 327 3150 Ἐπειδὴ
350 3068 470 3145 τοίνυν,
494 3049 521 3128 ὦ
545 3058 672 3151 ἄνδρες,
696 3058 771 3129 ούτε
792 3062 1065 3151 παραγενόμενος
1082 3057 1162 3132 οῦδεὶ

112 3163 204 3246 ἐτυχε
225 3167 292 3230 τιῦν
315 3163 447 3230 οἰκείων
476 3157 532 3230 ὅτε
559 3160 578 3230 δ
603 3158 750 3254 ἀδελφὸς
778 3163 997 3255 ἐτελεύτησεν,
1028 3161 1104 3234 ούτε
1124 3162 1162 3250 ἐμ

112 3261 300 3350 ἐπεδήμουν
322 3257 379 3329 ὅτε
400 3262 443 3330 τὰ
465 3258 551 3330 όστᾶ
574 3257 677 3331 αῦτοῦ
699 3266 795 3353 δεῦρο
811 3264 987 3357 ἐκομίσθη,
1011 3261 1160 3356 ἇναηααῖό

110 3369 171 3449 μοί
200 3362 290 3430 ἐστιν
320 3362 355 3442 ἐξ
386 3358 496 3432 αῦτων
523 3358 569 3431 ὦν
593 3359 686 3434 ούτοι
708 3369 859 3454 λέγουσιν
882 3368 1025 3457 ἐλέγχειν
1053 3367 1162 3456 ψευδεῖ,

197 3565 224 3620 4.
242 3570 258 3621 3
275 3567 397 3620 mar
410 3583 455 3635 pr„
468 3585 491 3637 ψ
502 3572 528 3622 in
540 3587 590 3624 ras.
606 3575 617 3623 1
638 3600 671 3610 —
688 3568 716 3622 οἱ
729 3563 802 3624 'Aen
815 3571 862 3624 Bk.
880 3602 914 3612 ·-
933 3576 947 3623 ’ί
966 3566 1104 3639 ἠσπάζετο
1115 3567 1162 3622 Fuhl

196 3652 223 3709 5.
244 3657 255 3706 1
276 3646 312 3704 ἂν
329 3652 386 3706 add.
404 3652 452 3705 Bk.
478 3683 512 3694 -
535 3660 597 3709 λεί
613 3661 673 3708 ante
691 3649 706 3709 ὁ
724 3672 745 3709 ε.
762 3673 787 3708 v.
806 3662 833 3709 et
854 3658 880 3709 in
904 3673 956 3725 mg.
975 3663 1062 3711 ternas
1082 3652 1162 3708 lineola

112 3736 169 3791 add.
197 3743 224 3791 1:
248 3739 296 3791 lac.
319 3737 371 3790 ind.
395 3737 454 3790 Dbr.
478 3768 509 3778 -
535 3744 549 3791 5
573 3736 679 3809 ἱεροκλῆ
702 3758 749 3808 μα,
772 3757 835 3794 corr.
862 3746 874 3794 1
898 3770 933 3781 -
956 3736 1117 3812 ἡφαιστίδηε
1136 3747 1162 3789 0ss

111 3819 238 3875 Meursius
255 3851 290 3862 -
308 3826 324 3876 6
341 3816 471 3876 ἀκούσατ’.
489 3820 545 3894 ἐγώ
558 3840 610 3891 pr.;
629 3840 693 3878 ems.
706 3825 758 3880 vid.
772 3822 810 3890 δ’,
829 3826 898 3894 quod
911 3827 1011 3880 restitui
1030 3831 1092 3880 -8
1109 3819 1162 3877 κλιᾱ

111 3909 171 3958 νίυυ
193 3923 239 3975 μα,
263 3922 327 3960 corr.
346 3910 370 3960 2.
456 3909 483 3964 6.
502 3912 517 3963 3
540 3908 720 3963 &stamma
738 3926 784 3977 pr„
808 3927 872 3964 corr.
899 3915 914 3964 2
939 3940 973 3951 -
995 3915 1011 3966 8
1037 3914 1115 3982 gloss.
1136 3900 1162 3957 δέ

110 3990 172 4046 ΒοΙι.
