2550 4478
83 253 111 295 οι.
122 253 138 294 6.
333 234 409 288 ΠΕΡΙ
427 236 491 289 ΤΟΥ
508 236 732 291 ΜΕΝΕΚΔΕΟΥΣ
750 237 888 291 ΚΛΗΡΟΥ.
1111 237 1152 297 26

87 398 180 473 άπασι
201 397 298 472 τοῦτ’
324 400 421 487 εἶναι,
446 401 491 482 ὡς
512 407 567 472 καὶ
590 404 686 492 παρὰ
701 405 828 474 τούτων
846 399 955 475 αὐτῶν
970 404 1153 496 ὁμολογού-

58 536 62 577 ι
87 507 168 592 μενάν
190 505 284 573 ἐστιν
308 498 362 574 ὅτι
376 509 550 595 Μενεκλῆς
564 501 603 575 66
618 508 837 597 παρεφρόνει,
861 503 946 576 άλλδ
963 510 1051 578 πολὺ
1066 514 1153 596 μᾶλ-
1237 565 1254 597 ,

60 642 64 675 2
90 611 132 675 λον
150 601 247 685 οὗτος
269 612 358 689 νυνί,
388 600 426 686 ὅς
454 633 491 695 με
518 609 749 699 ποιησάμενος
769 613 830 698 τῆς
852 609 977 698 ἐ’χθρας
1000 612 1152 682 διάλυσιν

58 714 67 783 6]
91 708 157 797 πρὸς
176 706 268 798 ἡμᾶς
290 710 347 776 καὶ
369 701 497 793 ὀμόσας
519 704 637 799 ὅρκους
659 711 764 780 πάλιν
786 715 843 779 νῦν
870 705 942 800 6666
964 712 1006 779 τὰ
1030 710 1153 799 ὁμολο-

58 840 68 883 :;
93 815 215 899 6666666
238 812 297 877 καὶ
318 803 491 896 ὁμοθέντα
513 812 681 900 παραβάς,
704 817 760 882 καὶ
783 807 976 904 ἀφελέσθαι
997 840 1040 898 με
1063 809 1154 895 ἀξιοῖ

58 950 68 972 2
94 915 165 980 ταυτὶ
185 911 229 980 τὰ
253 911 375 994 λοιπά,
406 906 511 992 οὕτως
532 909 614 981 ὄντα
636 915 747 1005 μικρά.
793 914 857 1004 ἐγώ
881 917 917 983 δὲ
940 915 970 984 εἰ
992 916 1037 1004 μὴ
1062 917 1151 985 πάνυ
1169 935 1203 990 41

58 1036 69 1125 6
94 1013 119 1080 ιδ
136 1020 272 1134 πρᾶγμα
296 1013 433 1102 αἰσχρὸν
456 1013 543 1084 εἶναι
566 1015 717 1101 ἐνόμιζον
731 1021 787 1085 καὶ
803 1016 919 1086 ἐπονεί
906 1019 1044 1101 ίδιστον,
1068 1045 1153 1108 προ-

62 1111 242 1195 ,Νδοῦναι
206 1141 267 1183 τον
290 1120 423 1206 πατέρα
445 1141 484 1184 ου
470 1111 594 1238 66666
616 1111 822 1209 ὠνομάσδην
842 1119 932 1188 καί“
913 1146 951 1200 σς
967 1119 1152 1244 ίπριηηατό

95 1238 135 1295 με,
158 1214 237 1299 ταχὺ
269 1245 311 1284 αν
334 1211 484 1308 άπέστην
513 1211 604 1306 αιἰτφ
626 1223 692 1288 τῶν
717 1219 858 1290 ἐκείνου·
888 1222 958 1290 ἐστι
980 1223 1044 1311 γάρ
1066 1220 1154 1291 6666-

58 1316 191 1386 λο.ιπον
207 1313 320 1386 0666⁰
302 1345 346 1401 εν,
367 1315 413 1399 ὥς
427 1316 515 1421 καὶ(
497 1324 584 1405 υμᾶς
598 1321 715 1406 σ’ίσμαι
733 1321 978 1392 αἰσθάνεσθαι.
1023 1330 1094 1394 6666
1117 1327 1153 1393 66
1167 1338 1207 1397 46

58 1402 232 1517 {666666
195 1447 234 1489 το
252 1425 394 1508 πρᾶγμα
408 1425 464 1489 καὶ
488 1421 625 1543 6666666
648 1420 735 1491 εἶναι
755 1423 835 1510 τῆδε
853 1450 914 1508 νομ
919 1425 1041 1507 ίζω,ἐι
1055 1424 1154 1515 ἡνίκα

58 1519 137 1599 μὲν
155 1547 171 1588 ο
161 1517 362 1611 (Μενεκλῆς
378 1520 444 1607 εἶχέ
458 1549 502 1604 66,
524 1522 601 1590 τότε
615 1524 676 1607 μὲν
692 1523 828 1591 '666666
815 1525 958 1608 εμαυτὸν
974 1527 1047 1594 υιὸν
1063 1522 1153 1614 6666

58 1623 304 1710 ποιήσασθαι,
327 1619 424 1693 καὶ
405 1624 475 1694 απδ
499 1628 558 1712 της
580 1617 697 1702 οὐσίας
719 1629 778 1711 τῆς
800 1623 867 1692 ἐκεί
869 1651 934 1707 606,
962 1631 1042 1752 πρὶν
1064 1654 1155 1716 πρα-

92 1725 233 1809 66666
200 1752 237 1794 60
255 1725 432 1854 χωρίρν,’
418 1725 699 1844 67666666666066
715 1724 749 1792 66
772 1751 817 1812 666
842 1725 936 1816 δήμῳ
958 1731 1015 1796 καὶ
1038 1727 1155 1818 6660

91 1823 265 1917 6666666
239 1854 288 1906 ως
311 1826 385 1907 υἱὸς
408 1818 454 1895 666
473 1826 608 1910 ἐκείνου,
631 1826 740 1895 καὶ
701 1852 764 1906 τας
779 1824 1000 1916 στρατείας(
988 1826 1068 1899 σ’σαι
1084 1831 1155 1918 ἐγί-

91 1950 168 1996 νοντο
195 1927 230 1996 ἐν
258 1932 308 2016 τῷ
336 1928 445 2018 χρόνῳ
472 1929 597 2018 τούτῳ,
628 1929 849 2016 ἐστράτευμαι
879 1930 914 2000 ἰν
935 1936 977 2021 τῇ
999 1936 1089 2023 φυλῇ
1110 1938 1153 2023 τῇ

91 2024 194 2098 ἐκείνου
216 2033 275 2099 καὶ
298 2029 333 2098 66
354 2035 403 2117 τῴ
425 2031 533 2120 δήμῳ·
580 2031 697 2121 ἐπειδὴ
729 2032 765 2099 66
788 2031 910 2112 ἐκεῖνος
932 2032 1151 2125 ἐτελεύτησεν,
1167 2051 1207 2108 48

90 2128 112 2196 εἰ
125 2132 289 2221 προδώσω
311 2134 368 2199 καὶ
391 2130 602 2223 ἐξερημώσας
625 2126 727 2201 αὐτοῦ
748 2133 807 2201 τὸν
823 2132 914 2202 οἶκον
935 2130 1047 2204 ἆπιιδν
1064 2137 1154 2224 οἰχή-

89 2253 189 2318 σομαι,
218 2237 296 2313 πῶς
325 2227 382 2301 066
404 2224 446 2302 δν
469 2233 579 2303 δεινδν
605 2234 643 2303 66
667 2239 808 2322 πρᾶγμα
831 2233 917 2303 εῖναι
938 2239 995 2303 καὶ
1016 2243 1156 2323 καταμέ-

87 2334 192 2404 λοστον
216 2337 349 2425 δοκοίη,
380 2339 436 2404 καὶ
464 2351 536 2415 τοῖς
556 2338 773 2422 βουλομένοις
794 2339 875 2423 περὶ
898 2335 979 2420 ἐμοῦ
999 2339 1155 2429 βλασφη·

84 2451 145 2557 μεῖν
165 2436 299 2527 πολλὴν
322 2437 477 2518 ἐξουσίαν
499 2437 686 2525 παράσχοι;
709 2441 765 2560 καὶ
789 2432 827 2506 06
842 2438 945 2524 μόνον
959 2434 1056 2508 ταῦτ’
1082 2439 1154 2509 ἐστὶ

83 2536 115 2604 τά
134 2538 303 2609 ποιοῦντά
329 2566 372 2625 με
401 2534 684 2627 ἀγωνίζεσθαι
648 2568 708 2609 τον
731 2535 843 2627 άγιῦνα
865 2546 998 2625 τοῦτον,
1023 2535 1098 2609 ἀλλ’
1126 2543 1203 2612 εί

82 2631 177 2760 ηάτως
188 2643 337 2765 φαῦλος
368 2637 553 2763 ἅνθρωπος
582 2643 685 2710 δοκῶ
698 2641 785 2713 είυαι
807 2648 864 2712 καὶ
883 2643 1029 2762 μηδενὸς
1051 2641 1154 2725 άξιος,

81 2733 159 2811 ὥστε
180 2740 250 2811 6666
274 2731 392 2829 μὲν
358 2769 393 2811 ευ
416 2747 620 2834 φρονοῦντος
641 2739 756 2862 μηδ’ί
739 2739 799 2835 σφ’
819 2736 1153 2872 ἑνδςάνπριηθῆναι

78 2848 137 2913 τῶν
165 2847 294 2934 φίλων,
323 2841 390 2913 6666
420 2846 456 2956 66
483 2871 793 2933 παραφρονοιντος,
815 2839 909 2912 ταῦτ’
940 2844 1011 2913 ἐστὶ
1033 2847 1076 2912 τὰ
1098 2849 1154 2912 λι-

78 2946 203 3015 ποῦντά
226 2972 279 3032 με.

150 3041 233 3135 Ἐμιδ
260 3035 316 3115 666
339 3045 497 3133 660666‘
480 3052 573 3133 υμιῦν
594 3047 746 3130 πάντων,
770 3074 796 3113 ιο
782 3033 953 3133 άνδρες,
982 3041 1079 3114 καὶ
1061 3052 1206 3116 ενοι-44

75 3150 161 3231 6066
189 3152 246 3217 καὶ
278 3149 411 3217 ἱκετεύω
441 3148 576 3238 ἐλεῆσαί
603 3175 645 3233 με
676 3152 733 3217 καὶ
767 3142 1065 3238 ἀποψηφίσασθαι
1094 3153 1154 3217 τοῦ

137 3389 185 3445 40.
206 3393 229 3444 1.
247 3392 263 3442 6
281 3381 388 3443 ἅπασιν
403 3383 506 3458 ὖμῖνῡ
529 3419 560 3428 -
585 3383 821 3460 δμολογοῦμτν..ν
836 3391 857 3441 Α
873 3407 919 3459 pn,
937 3387 1154 3464 δμολογσῦμενόν

76 3489 135 3529 corr.
147 3479 197 3528 1-
216 3477 232 3528 3
250 3474 452 3546 666666666660
470 3504 505 3513 -
523 3479 538 3527 5
557 3469 807 3545 ολμολογηδέντολ
822 3491 860 3543 pr.
878 3504 912 3516 —·
926 3479 946 3529 -6
963 3494 997 3542 με
1009 3491 1059 3530 om.
1072 3476 1095 3526 A
1107 3491 1153 3541 pn,

76 3558 99 3610 in
115 3575 168 3628 mg.
182 3558 240 3614 εδδ.
261 3563 283 3612 1.
336 3558 380 3614 41.
401 3563 411 3612 l
431 3555 469 3626 μὴ
487 3575 538 3612 om.
557 3559 577 3620 0
596 3588 630 3598 —-
648 3563 663 3611 6
681 3555 755 3625 τὸΙτὸ
773 3559 803 3611 Α.
856 3558 902 3615 46.
920 3563 936 3613 6
954 3558 1024 3611 εἶναι
1043 3564 1103 3612 ante
1120 3555 1153 3612 τὸ

76 3643 186 3716 πρᾶγμα
203 3643 330 3706 εοΙΙοε.,0
349 3673 382 3682 —-
403 3646 418 3697 6
437 3636 479 3696 666
496 3643 580 3706 omo
599 3673 632 3683 -
651 3645 758 3716 ἐγένετο
771 3644 801 3705 6.
870 3641 915 3697 46.
935 3649 950 3698 5
969 3640 1103 3712 παράσχοι
1121 3643 1153 3696 de

76 3740 138 3795 meo,
157 3731 314 3800 παρασχοίη
327 3727 457 3794 Schoem„
475 3725 642 3798 παράσχοιμι
654 3730 696 3781 vel
709 3728 901 3799 παρασχοίμην
913 3725 998 3779 Tum:
1017 3718 1152 3800 παράσχο·

77 3831 122 3875 μαι
133 3812 165 3878 Α,
184 3812 280 3882 quido
298 3812 393 3865 habeat
410 3827 462 3865 non
479 3812 578 3881 liquere
596 3815 631 3867 ait
649 3814 697 3868 Bk.
715 3842 748 3854 -
766 3808 855 3865 ταῦτά
873 3809 966 3870 ἐστιΟ
986 3814 1043 3863 test.
1056 3811 1107 3864 Mai
1119 3841 1153 3851 -

79 3895 299 3968 θάγοννλζεσθαι
321 3901 382 3966 post
403 3897 502 3950 τοῦτον
525 3897 616 3956 colloc.
639 3899 660 3960 0
684 3928 718 3936 -
742 3899 757 3949 9
778 3891 832 3949 6666
856 3890 887 3946 δὲ
910 3895 1153 3966 παραφρονοῦντος

80 3987 193 4050 suspecta
210 4011 246 4022 -
264 3985 332 4036 616
349 3999 384 4049 με
400 3977 436 4034 τὰ
453 3978 515 4036 λυπ.
534 3979 563 4042 Q.
633 3979 678 4036 64.
698 3985 713 4035 2
731 3975 909 4050 ἆπαμηφίσαι
927 3978 948 4041 Q
