2550 4478
137 208 199 269 132
627 207 735 260 ΙΣλΙΟΥ
1136 222 1173 264 οι.
1190 223 1222 265 11.

136 383 251 446 τοόσιν
280 376 328 455 εἷς
356 381 492 443 τίθεται
520 376 694 456 καδίσκος,
724 369 763 442 ού
791 369 848 442 οὐκ
870 363 912 439 όν
935 359 974 461 ήν
997 372 1058 440 τὸν
1080 374 1143 458 μέν
1165 369 1225 463 ήτ·

137 484 268 547 τᾶσθαι
290 478 349 546 τὸν
366 477 402 544 δὲ
425 482 527 559 νικᾶν,
552 470 627 544 ἀλλ’
646 473 773 560 ὁμοίως
788 469 995 563 ἀμφοτέροις
1016 461 1057 562 ἦν
1080 471 1098 543 ό
1124 469 1225 554 αύτδς
1264 472 1265 477 ’

138 582 298 661 κίνδυνος,
322 573 404 646 ὥστ’
425 572 482 646 ούκ
505 578 579 667 ἔνήν
601 584 778 646 κοινωνίαν
801 571 878 645 ούδὲ
901 577 1121 664 διομολογίαν
1145 603 1224 645 ποι-

87 683 296 771 κτήσασθαι
324 685 402 763 περὶ
439 677 558 748 αὐτῶν.
615 674 689 747 ἀλλ’
723 674 834 760 οὗτος,
867 676 984 764 ἐπειδή
1014 680 1225 766 Στρατοκλῆς

141 783 333 873 ἐτελεύτησε
355 786 436 870 πρὶν
457 786 618 870 γενέσθαι
633 785 693 848 τοῦ
714 777 909 869 ἡμικληρίου
924 778 986 857 τὰς
1003 779 1116 866 λήξεις
1130 775 1225 867 ήμῶν
1263 853 1265 875 χ

140 886 300 974 ἑκατέρην,
329 886 385 950 καί
414 877 523 950 οὐκέτ’
548 871 588 971 ἦν
610 888 773 967 μετουσία
801 885 849 968 τηῖ
871 882 1075 969 Στρατοκλεῖ
1096 881 1225 948 τούτων

141 982 218 1055 οόδὲ
240 991 288 1074 τῷ
311 985 411 1052 παιδὶ
434 985 520 1071 τῷδε
543 983 599 1051 διὰ
622 982 681 1051 τόν
700 982 811 1067 νόμον,
836 975 911 1048 ἀλλ’
931 980 1079 1068 ἐγίγνετο
1103 983 1154 1061 εἷς
1170 982 1226 1067 ἐμὲ
1258 1055 1261 1060 .

140 1086 159 1155 δ
184 1091 387 1176 κληρονομία
409 1079 481 1152 κατ>
508 1081 699 1173 ἀγχιστείαν
722 1084 868 1165 πάντων,
898 1083 928 1150 εί
950 1083 1127 1170 νικήσαιμι
1149 1083 1226 1162 τούς

141 1189 287 1273 έχοντας,
310 1181 384 1254 τότ’
408 1183 471 1275 ήδη
495 1187 638 1253 πλάττει
659 1189 765 1251 ταῦτα
781 1188 837 1252 καὶ
852 1188 1050 1274 μηχανᾶται,
1075 1186 1226 1272 προσδο-

141 1294 207 1356 κῶν
228 1289 361 1365 τούτοις
390 1301 463 1365 τοῖς
492 1287 604 1374 λόγοις
626 1287 751 1375 ῥηιδίως
773 1283 859 1370 ὑμᾶς
889 1285 1128 1374 ἐξαπατήσειν.
1175 1279 1227 1353 ότι
1263 1340 1265 1348 2

142 1385 174 1458 δ’
194 1385 252 1474 ούχ
269 1389 340 1456 οίόν
355 1382 388 1453 τ’
410 1376 449 1477 ήν
470 1389 598 1456 τούτων
619 1393 797 1476 γίγνεσθαι
820 1385 925 1465 οὐδέν,
950 1381 1036 1453 ἀλλὰ
1060 1388 1226 1477 διείρηται

141 1487 225 1559 καθ’
252 1493 390 1559 ἕκαστον
418 1493 499 1579 περὶ
528 1484 646 1572 αύτῶν,
677 1489 711 1556 ἐκ
733 1494 793 1556 τοῦ
816 1489 919 1575 νόμον
948 1493 1075 1576 γνῶναι
1099 1489 1227 1579 ῥᾴδιον.

142 1595 243 1679 Λαβὲ
266 1587 299 1660 δ>
327 1588 519 1671 αὐτοῖςκαὶ
543 1587 776 1680 ἀναγίγνωσκε.

611 1696 757 1749 ΝΟΜΟΣ.

91 1814 130 1870 28
230 1784 302 1882 Ἆρ’
328 1794 405 1879 ὑμῖν
434 1792 452 1862 ό
483 1795 585 1879 νόμος
608 1796 698 1863 δοκεῖ
719 1807 831 1861 ποιεῖν
860 1792 1013 1872 ἐξουσίαν
1039 1802 1226 1877 κοινωνίας,
1262 1796 1264 1801 ’

145 1892 220 1963 ἀλλ’
241 1893 298 1963 ούκ
322 1892 474 1981 ἄντικρυς
497 1893 621 1963 οὑτωσὶ
637 1901 705 1963 πᾶν
720 1890 923 1977 τούναντίον,
947 1895 977 1962 εί
999 1899 1055 1963 καί
1078 1896 1118 1964 τὸ
1144 1897 1227 1986 πρό-

143 2022 239 2084 τερον
269 1993 395 2083 ύπήρχε
422 2003 594 2078 κοινωνία,
624 1998 844 2085 προστάττει,
875 1997 1057 2086 διαρρήδην
1086 1998 1227 2065 κελεύων

144 2101 204 2165 τοῦ
225 2103 346 2184 μέρους
369 2096 506 2177 ἕκαστον
529 2099 702 2186 λαγχάνειν
717 2101 773 2165 καὶ
796 2112 868 2176 τοῖς
889 2097 974 2165 κατὰ
991 2092 1095 2166 ταύτδ
1122 2093 1227 2189 όιμφι·
1263 2107 1265 2184 j

146 2203 306 2288 σβητουσι
327 2202 440 2278 τιθεὶς
463 2198 520 2266 ἕνα
542 2201 699 2267 καδίσκον
721 2198 853 2278 καὶτὰς
876 2197 1094 2279 διαδικασίας
1110 2205 1227 2268 τοῦτον

144 2301 204 2368 τόν
226 2302 354 2388 τρόπον
376 2298 542 2385 ποιώνςό
568 2302 614 2384 δέ,
637 2307 742 2368 ταῦτα
763 2305 830 2367 τῶν
852 2301 964 2385 νόμων
987 2299 1153 2387 λεγόντιον
1175 2304 1227 2368 καὶ

148 2397 206 2468 ούκ
228 2402 364 2489 ἐνούσης
385 2408 546 2489 γενέσθαι
563 2404 787 2490 διομολογίας,
812 2395 918 2480 ούτως
935 2395 1065 2488 ἆλόγως
1088 2407 1227 2491 πρᾶγμα

94 2504 135 2574 24
144 2503 340 2591 τηλικοῦτον
371 2504 571 2588 ψεύσασθαι
599 2504 808 2592 τετόλμηκεν.
863 2499 901 2570 οό
930 2503 1034 2588 μόνον
1064 2504 1103 2571 δὲ
1132 2508 1226 2573 τοῦτο

109 2631 112 2635 ·
147 2609 348 2691 πεποίηκεν,
379 2598 464 2670 ἀλλὰ
492 2609 550 2671 καί
576 2604 615 2671 τὸ
644 2605 781 2672 πάντων
814 2605 1057 2674 ἐναντιώτατον
1090 2615 1227 2698 πρᾶγμα

148 2705 285 2794 ε’ίρηκεν,
308 2699 336 2790 ᾦ
359 2710 539 2792 προσέχετε
553 2704 613 2772 τόν
636 2710 721 2787 νοῦν,
745 2694 915 2794 ὦόῖνδρες.
953 2712 1038 2797 φησὶ
1060 2709 1125 2797 γὰρ
1148 2710 1228 2797 ὁμο·

148 2810 289 2895 λογήσαί
317 2831 359 2891 με
387 2810 446 2873 τού
475 2806 595 2895 κλήρου
624 2811 673 2894 τηῖ
701 2808 801 2875 παιδὶ
834 2807 872 2875 τό
901 2804 1100 2897 ήμικλήριον
1128 2838 1229 2898 μετα-

149 2908 278 2990 διύσειν,
311 2909 340 2976 εἰ
365 2909 537 2998 νικήσαιμί
565 2907 643 2987 τούς
666 2909 800 2993 έχοντας
823 2903 933 2976 αὐτόν.
983 2918 1095 2980 καίτοι
1118 2913 1149 2982 εί
1172 2919 1229 2999 μέν

147 3038 182 3078 τι
203 3014 258 3078 καὶ
276 3004 366 3097 αύτηῖ
387 3016 489 3098 μετήν
511 3010 649 3078 κατὰτὸ
673 3017 775 3099 γένος,
799 3006 845 3089 ὥς
865 3005 963 3089 οὗτος
985 3014 1082 3099 λέγει,
1106 3021 1142 3082 τί
1164 3016 1230 3082 ἔδει

148 3119 309 3199 γενέσθαι
331 3114 453 3201 ταύτην
470 3107 583 3190 αὐτοῖς
605 3108 690 3201 παρ’
710 3113 791 3197 ἐμοῦ
811 3110 872 3200 τήν
887 3110 1088 3201 όμολογίανς
1110 3103 1151 3204 ήν
1168 3115 1229 3204 γὰρ

149 3211 276 3297 ὁμοίως
298 3217 354 3279 καὶ
376 3213 509 3291 τούτοις
531 3213 683 3280 ἐπίδικον
705 3213 742 3281 τό
759 3210 965 3301 ἡμικλήριον,
989 3215 1022 3283 εί
1034 3241 1101 3305 περ
1118 3213 1230 3307 ἀληθῆ

97 3329 134 3386 25
151 3315 310 3398 λέγουσιν.
356 3313 385 3378 εί
409 3312 510 3398 δὲμὴ
542 3319 709 3401 προσήκεν
733 3309 847 3392 αύτοῖς
868 3321 926 3405 τῆς
955 3310 1146 3403 ἀγχιστείας
1167 3346 1229 3408 μη-

235 3553 258 3604 8.
272 3553 288 3602 9
306 3547 418 3616 τὸνμὲν
433 3547 438 3618 Ι
453 3548 594 3614 νικᾶσθαι,
612 3546 663 3602 τὸν
675 3545 706 3602 δὲ
717 3544 816 3616 ἡττᾶνε
835 3568 883 3605 em.
898 3552 1058 3606 Valckenaer
1076 3583 1110 3594 -
1129 3558 1161 3609 10
1172 3548 1229 3619 ούΙιι

150 3634 217 3700 ἐνῆν
234 3650 298 3688 corr.
317 3639 341 3700 2,
359 3629 416 3704 ούΙκ
434 3631 521 3700 ο.νὴν
539 3650 576 3701 pr.
595 3664 628 3675 —
647 3631 710 3688 οὐδὲ
727 3637 798 3689 Ald.:
818 3632 880 3690 ούτι
960 3636 1005 3692 22.
1023 3643 1038 3691 ‘1
1058 3639 1227 3704 ἐξαπατήσαι

150 3785 197 3837 pr„
214 3739 374 3831 -ήσύίνοοικ
395 3774 407 3823 1
430 3771 472 3836 (ci.
491 3770 587 3836 Baiter)
605 3801 638 3810 -
657 3775 672 3824 8
691 3768 816 3844 διὴρηται
833 3789 880 3840 pr„
899 3770 1027 3847 διῄρηται
1045 3791 1109 3829 corr.
1128 3777 1157 3828 2:
1179 3787 1227 3824 em.

151 3853 213 3906 Rsk.
258 3853 304 3910 28.
324 3860 336 3908 1
358 3863 417 3923 post
430 3859 520 3909 ποιεῖν
532 3873 597 3909 eras.
609 3853 661 3921 τὴν
673 3887 707 3896 -
720 3861 735 3910 3
748 3853 915 3928 προστάττει
927 3875 990 3912 corr.
1004 3863 1028 3923 2,
1041 3857 1110 3928 πρὸς
1121 3879 1155 3913 τα
1161 3856 1229 3919 ἴτην

150 3953 197 4005 pn,
215 3936 283 4009 πρὸς
295 3944 378 3994 τα.τί
391 3947 479 3995 eorm
500 3971 534 3982 -
551 3946 568 3996 4
586 3939 656 3994 κατὰ
673 3937 758 3996 ταύτὸ
776 3960 841 3997 corr.
854 3947 878 4010 2,
897 3938 962 3996 κατ’
983 3940 1050 3999 αὐτὸ
1070 3962 1108 4015 pr.
