2550 4478
58 239 83 280 ιι.
99 239 131 278 12
449 217 533 270 ΥΠΕΡ
552 217 746 272 ΕΥΦΙΛΗΤΟΥ.
1076 220 1133 282 141

58 384 97 457 δι’
128 381 254 464 αύτούς
275 379 466 474 Ἀθηναίων
488 387 681 474 γεγονότων.
729 391 778 474 τηῖ
799 395 911 456 τοίνυν
932 393 1039 479 πατρὶ
1061 392 1138 459 τού-

58 520 117 558 των
143 483 321 576 οὐδέτερον
343 484 502 573 ὑπάρχει·
524 488 656 577 γνήσιοι
678 488 823 577 μὲνγὰρ
847 484 938 578 αύτῷ
958 488 1055 580 ἡμεῖς
1078 494 1138 562 δύο

58 597 135 670 ιῖεῖς
160 591 271 675 ἐσμεν,
295 583 381 657 ὥστε
405 584 462 656 ούκ
485 587 526 657 άν
547 616 584 677 γε
607 584 655 657 δι’
682 589 820 680 ἐρημίαν
845 596 964 660 τοῦτον
986 593 1138 663 εἰσεποι-

58 711 131 762 εῖτο.
183 687 269 759 ἀλλὰ
291 692 356 779 μην
385 686 461 758 οὐδὲ
483 697 611 780 τροφῆς
631 717 668 758 τε
689 695 744 759 καὶ
768 687 929 779 εὐπορίας
956 699 1015 783 της
1040 694 1173 784 παράε

58 797 174 863 τούτου
200 794 372 878 δεόμενος·
397 792 468 859 ἐστι
489 793 552 879 γὰρ
576 788 667 880 αύτῷ
688 794 790 879 (βίος)
813 795 934 877 ἱκανός,
960 798 1016 863 καλ
1038 799 1140 883 χωρὶς

58 899 174 965 τούτου
198 895 451 1024 μεμαρτύρηται
473 892 550 979 ύμῖν
571 900 690 963 τοῦτον
713 895 747 963 ἐκ
769 897 903 964 παίδων
928 904 1061 988 τρέφων
1082 902 1139 967 καλ

58 995 166 1067 ύσκιῦν
197 1001 254 1064 καὶ
284 1023 332 1075 εις
361 997 463 1122 (τοὺς)
493 998 662 1117 φράτερας
691 997 849 1085 εἰσάγων,
879 1003 935 1068 καὶ
965 1004 1071 1068 ταῦτα
1101 995 1139 1069 οὗ

58 1100 155 1188 μικρά
190 1098 459 1185 δαπανήματά
445 1122 545 1166 εστιν.
596 1092 683 1166 ὥστε
709 1098 769 1167 τὸν
799 1098 856 1188 [τε]
886 1098 1064 1223 πατέρα“
1045 1107 1140 1193 ημαῖν

58 1198 109 1272 ιύκ
134 1201 227 1279 εέκύς
250 1198 350 1280 ἐστιν,
379 1187 406 1265 ιύ
431 1196 548 1288 ἄνδρες
571 1201 742 1283 δικασταί,
771 1203 874 1290 μηδὲν
904 1198 1139 1293 ὠφελούμενον

58 1300 161 1383 ούτως
187 1299 245 1371 άδί
232 1310 293 1389 ίγκιι
315 1302 488 1388 πράγματι
512 1302 733 1390 ἐπιχειρῆσαι.
786 1299 871 1372 άλλά
892 1333 959 1394 μην
982 1301 1053 1374 οὐδ’
1081 1309 1175 1393 ἐμέ4

58 1433 86 1489 γε
109 1401 228 1482 οὐδεὶς
251 1399 447 1489 άνθριύπων
470 1397 576 1483 ούτως
596 1397 762 1483 τελέως”
741 1433 781 1471 αν
805 1403 938 1495 άφρονα
959 1406 1139 1495 ὑπολάβοι,

58 1504 142 1577 ύστε
166 1506 277 1593 τούτῳ
305 1520 485 1592 μαρτυρεῖν
506 1505 548 1572 τά
570 1507 696 1593 ψευδῆ,
726 1501 822 1586 ὅπως
844 1508 885 1574 τά
916 1514 1060 1598 πατρῷα
1083 1512 1140 1579 διὰ

58 1610 227 1678 πλειόνων
250 1608 486 1693 διανείμωμαι.
535 1607 676 1695 καὶγὰρ
700 1601 776 1674 οὐδ’
802 1601 1060 1700 ἀμφισβητῆσαί
1080 1639 1141 1698 μοι

58 1713 195 1793 ἐξουσία
223 1702 346 1798 γένοιτ’
374 1700 414 1776 άν
444 1703 582 1797 ύστερυν
604 1705 650 1788 ιύς
673 1704 731 1777 ούκ
760 1710 850 1778 ἐ’στιν
875 1706 1022 1802 ἀδελφὸς
1044 1709 1142 1794 οὗτος

58 1815 153 1899 ἐμοῦ·
189 1806 300 1933 ηύόεὶς
327 1810 389 1899 γάρ
420 1802 460 1878 άν
488 1807 580 1895 ύμιῦν
609 1809 669 1900 τὴν
692 1810 803 1900 (ἐμὴν)
826 1813 941 1902 φωνὴν
964 1810 1138 1900 ἀνάσχοιτ’

58 1908 94 1983 άν
119 1909 264 1994 ἀκούων,
288 1912 406 1997 (εί)
370 1940 425 1980 νυν
446 1913 507 1997 μὲν
522 1909 715 1980 ὖπόδικυν’
701 1912 845 1998 εμαυτὸν
865 1916 1034 1996 καθιστὰς
1055 1944 1142 2007 μαρ-

58 2021 144 2140 τυροῦ
179 2011 225 2094 ὠς
254 2015 344 2081 ε’στιν
368 2009 516 2103 άδελφὸς
537 2010 751 2137 ημέτερος,
738 2010 876 2140 ύστερον
899 2019 935 2085 δὲ
959 2027 1142 2110 φαινοίμην

58 2120 191 2196 τούτοις
215 2110 404 2244 άντιλίγων.
449 2111 487 2184 ού
509 2117 612 2201 μόνον
634 2126 745 2186 τοίνυν
766 2116 868 2206 ημᾶς,
898 2107 924 2185 ὦ
949 2117 1066 2208 άνόρες
1088 2123 1140 2190 δι-
1157 2141 1176 2196 5

58 2227 190 2300 ιασταί,
215 2219 303 2297 εἰκός
326 2218 397 2286 ἐστι
411 2212 545 2308 τάληθη
567 2226 861 2310 μεμαρτυρηκέναι,
884 2216 969 2287 ἀλλὰ
984 2222 1140 2302 καὶτοὺς

58 2321 183 2401 ἄλλους
213 2336 387 2408 συγγενεῖς
433 2321 655 2447 ἐνθυμήθητε
683 2321 744 2410 γὰρ
774 2327 910 2447 πρῶτον
937 2318 1046 2408 μέν”
1026 2351 1080 2393 οτι
1106 2327 1140 2393 οἱ

58 2425 117 2505 τὰς
142 2419 335 2546 ἀδελφὰς(
316 2427 410 2510 ημιύν
433 2422 562 2506 ἔχοντες
584 2418 641 2490 οὐκ
665 2418 705 2490 άν
727 2449 811 2491 ποτε
834 2423 1038 2513 ἐμαρτύρουν
1060 2431 1139 2517 περὶ
1253 2514 1258 2523 ‚

60 2527 178 2593 τούτου
194 2553 237 2591 τα
224 2524 384 2613 ψευδῆ·
407 2524 552 2612 μητρυιά
573 2524 636 2612 γὰρ
658 2523 678 2615 ἦ
701 2525 819 2593 τούτου
842 2553 949 2655 μητηρ
971 2527 1139 2656 ἐγεγένητο

61 2644 133 2706 ταῖς
154 2655 190 2714 η
164 2625 332 2714 ιειέραις
348 2621 521 2715 ἀδελφαῖς,
545 2627 692 2696 εἰώθασι
714 2629 751 2695 δέ
767 2655 840 2708 πως
856 2654 902 2707 ως
923 2629 982 2698 ἐπὶ
996 2657 1035 2698 το
1024 2630 1139 2699 πολύ

64 2731 292 2820 διαφέρεσθαι
322 2723 482 2815 άλλήλαις
512 2731 551 2796 αι’
576 2757 611 2797 τε
640 2734 808 2850 μητρυιαὶ
820 2734 936 2799 καὶ“
901 2760 935 2799 αι
962 2733 1139 2820 πρόγονοι

67 2825 148 2899 ὥστε
172 2832 202 2899 εἰ
226 2825 322 2908 οὗτος
345 2829 381 2908 ἐξ
403 2826 505 2897 άλλου
532 2830 625 2908 τινὸς
648 2819 808 2950 άνδρὸς’
788 2859 828 2920 ην
856 2836 897 2919 τῇ
911 2837 1063 2950 μητρυιᾷ
1084 2839 1141 2901 καὶ

70 2928 119 2999 ούκ
141 2932 176 3000 ἐκ
198 2935 257 2998 τοῦ
279 2928 439 3019 ημετέρου
463 2932 608 3014 πατρός,
632 2925 690 2998 οὐκ
714 2927 754 2997 άν
776 2956 874 3013 ποτε,
899 2959 925 2997 ω
911 2919 1066 3020 ἄνδρες
1089 2934 1140 3001 δι-

148 3200 293 3257 5αύτοὺτε
312 3208 372 3270 post
390 3219 402 3254 ε
419 3218 468 3254 ras.
486 3202 544 3254 infr.
562 3202 644 3255 ΜΗ
667 3231 701 3242 -
723 3200 809 3274 6γὰρ
827 3219 876 3256 om.
895 3202 914 3254 Ρ
932 3220 978 3272 φα,
997 3205 1055 3259 add.
1074 3209 1089 3259 2
1108 3234 1142 3247 -

79 3287 149 3340 Ίυὶοὶ
161 3288 187 3341 Μ
206 3318 238 3326 -
258 3291 311 3341 m
329 3289 501 3342 εἰσεποιεῖτοι
519 3307 543 3340 ιι
560 3291 574 3340 2
593 3305 656 3342 corr.
670 3304 690 3341 s.
708 3307 734 3340 αι
747 3288 819 3342 W.
870 3287 924 3344 &1
944 3283 1059 3362 ἀπορίαι
1071 3291 1141 3344 ΑΒΜ

80 3375 125 3425 -2
137 3373 266 3441 βίονειΜ.
279 3372 341 3426 Rsk.
360 3403 392 3412 -
411 3370 585 3440 ἱκανὸτΒρι.
597 3373 670 3439 εῖΜ,
689 3373 981 3439 ἱνανῶιΔείΒοοπ,
1000 3374 1092 3430 ἱκανὸ
1099 3378 1142 3430 oF

79 3461 131 3510 *³
148 3454 366 3528 μεμαρτύρηταα
384 3477 418 3524 με
436 3458 494 3511 add.
506 3459 573 3524 w,
589 3478 606 3524 η
624 3460 651 3510 in
663 3475 712 3512 ras.
725 3461 821 3512 61-
839 3465 855 3514 4
873 3458 936 3514 τυύι
954 3461 1013 3515 add.
1023 3460 1142 3515 Schoem.

78 3541 264 3615 φράτοραει
283 3559 304 3596 s.
321 3560 354 3595 τα
370 3558 421 3595 ras.
438 3542 509 3593 Ρ·-
527 3549 591 3597 6τι
608 3559 658 3595 om.
677 3542 761 3611 Ερι..
778 3544 836 3598 add.
855 3548 884 3598 2:
908 3546 958 3599 del
977 3545 1010 3598 de
1027 3560 1095 3610 meo,
1111 3565 1143 3617 γι

75 3611 217 3679 ΒεΜιετ-
235 3621 369 3679 Ίάὸῖνωι
388 3643 409 3679 s.
428 3645 451 3678 ω
469 3641 518 3679 ras.
538 3626 571 3680 M.
658 3626 685 3681 4.
704 3622 844 3682 mbae:
866 3645 915 3682 em.
935 3628 1062 3697 Schoem„
1080 3631 1142 3685 item

74 3710 93 3752 V·
110 3714 181 3762 6-
206 3707 340 3780 3φευὸἦε
359 3727 407 3764 ras.
425 3727 446 3763 s.
464 3710 530 3763 qu
554 3740 588 3749 -
605 3706 665 3764 διὰι
689 3710 759 3779 μετὰ
776 3713 889 3766 Hertlein
913 3743 946 3752 —
968 3719 985 3767 4
1005 3709 1143 3785 ἀμφισβη-

71 3797 184 3861 travam,
202 3798 263 3862 βη
256 3813 283 3848 ια
300 3812 350 3849 ras.
370 3801 435 3850 1-
453 3794 609 3857 ύέξουσίαε
625 3795 651 3847 Μ
669 3813 758 3863 pr.-
776 3791 901 3868 ἆέελφὸτε
919 3792 993 3849 οἶδε’
986 3815 1013 3851 m
1030 3816 1079 3853 τεο.
1097 3801 1140 3854 61

68 3890 100 3910 *
119 3883 134 3933 6
151 3879 219 3949 ἐμὴν
243 3881 299 3934 add.
320 3881 480 3950 Sauppe·
504 3880 561 3932 Ἱτῖ
584 3877 1144 3951 τ66.8γ16υις.ὖ.ῖύμᾶτΒρι.-

67 3947 225 4032 ῗάλλὴλων
242 3968 264 4019 Α
283 3974 309 4019 et
326 3966 462 4034 mg.B-
482 3963 510 4018 οἱ
526 3963 670 4036 πρόγονοιι
689 3981 738 4021 em.
756 3965 876 4023 Rsk-
900 3967 958 4024 δεῖ
975 3983 989 4022 e
1008 3984 1074 4028 corr.
1091 3968 1142 4025 Μῖ
