2572 4476
103 270 150 322 ,e
331 251 408 305 σενι
426 253 490 306 τοι
507 253 752 309 ιοοιιοεοοοι
770 258 908 311 nudor.
1118 260 1158 320 85

38 426 65 474 ³³:-
99 423 124 488 δὲ
144 415 286 512 ύδεληηή,
317 421 434 501 διδούς
461 416 563 512 αύτήν
584 427 785 514 Λακρατίδη
814 431 862 514 τηῖ
892 432 947 496 νῦν
977 430 1157 520 ἱεροηάντη

38 527 50 562 ''-
94 530 289 614 γεγενημένῳ.
326 527 481 603 τοιοῦτος
502 511 542 613 ἦν
565 525 688 605 ἐκεῖνος
710 532 789 612 περὶ
811 525 899 616 ἡμᾶς
914 530 992 609 τούς
1007 532 1043 612 ἐξ
1057 528 1158 623 ἆρχής

41 631 51 668 e·
94 620 175 694 ούτύν
202 626 392 705 σώσαντας.
442 622 489 705 αλς
517 621 550 693 δ’
583 622 697 717 ἆληθή
726 632 826 718 λέγω,
861 636 917 699 καὶ
946 635 1040 714 δίκας
1069 637 1186 704 εἷλενΙ

38 730 57 771 ·’-
90 725 224 797 δύπολιν
247 729 319 811 δύο,
341 728 402 816 τήν
423 730 484 813 μέν
506 728 695 819 ἐπιτροπῆς
722 731 781 821 τήν
805 735 841 800 δὲ
862 730 1075 824 ἡμικληρίου,
1098 744 1157 805 τοῦ

38 837 57 871 ⁶
88 831 222 899 πάππου
238 836 525 920 συνηγωνισμένου
540 835 597 898 καί
613 834 774 918 λέγοντος,
797 836 840 902 τά
860 862 897 903 τε
915 837 1069 926 χρήματα
1085 838 1158 907 ε’κο-

38 938 55 989 ἵε
85 940 194 1017 ρίσατσ
210 927 262 1002 δι’
281 929 369 1021 ἡμᾶς
383 937 441 1000 καί
461 933 585 1012 ταύτας
600 933 660 1012 τὰς
675 935 815 1019 χάριτας
837 934 916 1028 ήμῑν
932 934 1156 1021 ύνταπέδωκε,

85 1036 199 1103 τούτων
228 1038 369 1124 πρῶτον
395 1035 562 1120 βούλομαι
594 1043 835 1126 παρασχέσθαι
868 1040 946 1119 τούς
975 1041 1155 1132 μάρτυρας.

38 1144 53 1180 ’1
85 1144 144 1204 Καί
162 1164 227 1222 μοι
249 1136 345 1204 κάλει
368 1137 464 1226 δεύρο
488 1132 619 1217 αύτούς.

41 1245 52 1293 'f
503 1243 727 1297 ΜΑΡΤΥΡΕΣ.

43 1348 51 1403 j
155 1325 214 1391 Αἱ
235 1323 298 1407 μὲν
320 1310 378 1391 ούν
399 1318 483 1411 παρ’
501 1321 595 1413 ήμῶν
618 1323 803 1414 εὐεργεσίαι
817 1333 970 1396 τοιαῦται
986 1333 1042 1397 καὶ
1064 1333 1186 1419 veit-1

38 1452 51 1505 ν·
83 1430 193 1493 ναύται
217 1424 256 1493 τὸ
271 1425 417 1512 μέγεθός
440 1426 539 1494 εἰσιν·
563 1428 598 1494 αἱ
622 1428 658 1494 δὲ
680 1428 768 1516 πρὸς
791 1429 914 1498 ἐκεῖνον
936 1431 1056 1519 ἔχθραι
1079 1436 1157 1518 περὶ

83 1529 247 1617 τοσούτων
264 1528 443 1618 χρημάτων
464 1514 560 1618 ἦσαν,
584 1529 624 1609 ἃς
646 1524 704 1612 ούχ
727 1531 799 1597 οἷόν
827 1526 859 1596 τ’
887 1533 995 1599 εἰπεῖν
1018 1529 1064 1610 ὡς
1091 1534 1159 1600 διε-

38 1680 42 1689 .
83 1632 218 1699 λύσαντο
240 1634 298 1699 καὶ
320 1633 418 1720 φίλοι
438 1630 599 1718 ἐγένοντο.
637 1632 765 1718 μεγάλα
786 1632 849 1719 γὰρ
872 1632 1031 1721 τεκμήρια
1048 1628 1158 1701 αύτιῦν

38 1755 48 1792 ν,
82 1732 181 1802 ἐστιν·
206 1729 358 1812 Εύπολις
378 1732 441 1821 γὰρ
465 1727 555 1820 αύτῷ
578 1734 671 1802 δυοῖν
693 1739 888 1822 θυγατέρων
911 1729 1019 1802 ούσαλν
1045 1739 1101 1802 καὶ
1124 1735 1158 1802 ἐκ

38 1840 43 1867 ’·
83 1840 139 1904 τοῖν
161 1829 276 1903 αύτῶν
299 1829 390 1923 αύτῷ
411 1836 553 1923 γεγονώς
579 1840 635 1904 καὶ
658 1830 810 1925 χρήμαθ’
836 1833 924 1926 δρῶν
951 1843 1157 1928 κεκτημένον,

40 1935 47 1998 ι
84 1931 256 2026 ούδετέραν
278 1931 369 2025 αύτηῖ
382 1938 510 2007 τούτων
532 1937 643 2006 ἔδωκε.
677 1945 787 2008 καίτοι
809 1940 962 2008 δοκοῦσιν
978 1939 1187 2028 ἒπιγαμίαι]

84 2038 199 2127 καὶμὴ
223 2053 390 2126 συγγενεῖς
418 2035 541 2128 ἄνδρας
570 2033 655 2107 ἀλλὰ
678 2045 733 2108 καὶ
756 2040 835 2121 τούς
864 2042 1022 2124 τυχόντας
1046 2037 1158 2109 διπαλ-

38 2167 47 2218 ι
86 2142 210 2210 λύττειν
232 2141 377 2232 μεγάλης
399 2142 576 2231 διαφορᾶς,
599 2135 717 2209 δτανᾶ
739 2147 819 2227 περὶ
835 2145 995 2211 πλείστου
1018 2147 1157 2210 ποιούν-

38 2261 46 2320 ·,·
85 2269 140 2326 ται,
164 2237 263 2311 ταῦτ’
291 2237 448 2331 ἀλλήλοις
477 2243 710 2331 ἐγχειρίζωσιν.
762 2238 825 2310 εἴτ’
852 2230 910 2311 ούν
933 2239 1083 2322 Εὔπολις
1104 2267 1158 2328 γε·

38 2369 45 2422 ς
85 2351 210 2435 γένηται
233 2345 343 2423 αἴτιος
365 2345 511 2433 (δοῦναι)
532 2344 578 2432 μή
600 2347 793 2434 βουληθείς,
817 2339 880 2411 εἴτ’
902 2340 1158 2432 Ἀπολλόδωρος

38 2485 44 2495 -
87 2447 191 2532 λαβεῖν
212 2446 259 2535 μή
284 2446 460 2536 ἐθελήσας,
483 2447 544 2525 τὰς
566 2446 700 2535 ἔχθρας,
723 2440 778 2514 δτι
801 2447 978 2533 διέμειναν,
1000 2446 1038 2516 τὸ
1064 2447 1158 2536 ἐ’ργον

38 2587 42 2596 -
88 2548 253 2638 δεδήλωκε.

38 2680 41 2695 ·
161 2655 232 2719 Καὶ
260 2642 341 2739 περὶ
368 2652 429 2736 μὲν
457 2655 517 2739 τῆς
545 2651 676 2719 ἐκείνων
709 2654 876 2742 διαφορᾶς
910 2654 1042 2732 ἱκανούς
1072 2651 1186 2722 ελναιι

87 2755 201 2840 νομίζω
216 2757 272 2821 καὶ
287 2752 367 2832 τούς
388 2754 580 2842 εἰρημένους
594 2755 726 2842 λόγους·
749 2752 826 2823 οἶδα
841 2755 903 2842 γὰρ
927 2749 980 2822 δτι
995 2759 1051 2822 καὶ
1065 2753 1157 2840 ύμιῦν

85 2848 153 2925 ύσοι
180 2855 404 2943 πρεσβύτεροι
432 2856 694 2944 μνημονεύουσιν
717 2850 771 2922 δτι
799 2855 948 2940 ἐγένοντο
978 2851 1158 2923 ἀντίδικοι·

84 2958 115 3025 τό
137 2983 175 3026 τε
196 2956 260 3046 γὰρ
282 2963 427 3044 μέγεθος
448 2961 516 3025 τῶν
539 2957 648 3038 δικῶν,
671 2959 727 3023 καί
750 2955 839 3023 διότι
854 2954 941 3022 πολύ
958 2950 1059 3022 αύτδν
1081 2950 1158 3042 Ἀρ-

81 3061 219 3146 χίδαμος
253 3056 355 3142 εἶλεν,
391 3058 595 3148 ἐπιφάνειάν
623 3085 699 3125 τινα
729 3056 897 3147 ἐποίησεν.
954 3055 1000 3136 ὡς
1029 3058 1065 3124 δὲ
1101 3056 1159 3142 ἐμὲ

83 3160 264 3250 ἐποιήσατο
286 3160 359 3228 ούδν
376 3162 438 3242 ζων
455 3155 555 3239 αύτδς
569 3163 624 3228 καί
647 3160 760 3248 κύριον
774 3163 841 3228 τῶν
858 3155 960 3228 αύτοῦ
978 3165 1158 3250 κατέστησε

82 3269 132 3332 καὶ
162 3265 211 3342 εἰς
239 3263 316 3342 τούς
343 3264 500 3352 γεννήτας
529 3266 585 3331 καὶ
613 3263 662 3342 εἰς
689 3263 767 3342 τούς
790 3263 958 3353 φράτερας
985 3263 1157 3353 ἐνέγραψε,

81 3367 210 3444 τούτοις
231 3361 299 3486 ήδη
317 3392 377 3450 μοι
399 3366 457 3434 τὸν
480 3369 557 3434 νοῦν
573 3372 761 3453 προσέχετε,
785 3353 954 3455 ὦύῖνδρες.
991 3362 1157 3435 Ἀπολλο-
1176 3378 1186 3430 1

81 3468 177 3556 διύρηι
199 3464 262 3556 γὰρ
279 3494 319 3555 ην
335 3468 417 3550 υἱός,
441 3467 479 3535 δν
495 3467 618 3546 ἐκεῖνος
639 3471 696 3533 καὶ
717 3463 811 3553 ήσκει
826 3472 882 3535 καὶ
900 3463 946 3534 δι’
966 3469 1160 3552 ἐπιμελείας

79 3567 172 3654 εἶχεν,
195 3563 312 3657 ὥσπερ
334 3573 391 3637 καί
412 3574 581 3659 προσήκον
603 3556 653 3655 ήν.
699 3568 761 3646 ἕως
783 3570 842 3653 μὲν
866 3557 922 3636 ούν
949 3570 1072 3647 ἐκεῖνος
1095 3569 1158 3659 ἐ’ζη,

77 3671 235 3756 διάδοχον
256 3675 315 3759 τής
337 3664 454 3750 ούσίας
475 3666 614 3759 ήλπιζεν
638 3663 737 3737 αύτδν
759 3670 979 3757 καταστήσειν
1001 3675 1059 3758 τής
1083 3670 1160 3738 ἑαυ-

163 3847 178 3896 5
198 3838 366 3915 λπιιρατ.ίδη
379 3859 415 3911 pr.
467 3843 509 3896 11.
527 3845 543 3895 6
562 3836 638 3907 αύτῷ
656 3858 706 3894 om.
720 3841 777 3893 Ald.
791 3845 817 3892 et
829 3841 917 3907 vulgo.
968 3840 1011 3897 12.
1031 3846 1054 3896 2.
1074 3848 1089 3896 3
1107 3838 1160 3894 ιῖπ·

77 3925 210 3981 auum
219 3942 267 3996 pr„
280 3943 344 3982 corr.
356 3932 368 3981 1
383 3956 415 3969 -
433 3931 449 3982 4
460 3919 576 3992 ιἰλλήλ.ε
588 3941 635 3992 pr„
652 3942 717 3981 corr.
728 3931 739 3979 1
754 3956 788 3965 -
801 3926 999 3996 ἐγχειρίζωσιν
1009 3943 1056 3994 ηπ,
1069 3943 1134 3980 corr.
1145 3927 1161 3975 2

75 4043 110 4051 —-
124 4018 140 4066 5
154 4009 251 4066 δοῦναι
263 4012 320 4067 add.
331 4013 392 4068 Rsk.
405 4016 465 4080 post
476 4007 630 4079 βουληθείς.
664 4010 707 4066 18.
720 4013 799 4078 41eg.
812 4014 857 4061 καὶ
869 4002 914 4064 ὅτι
948 4010 991 4066 14.
1004 4015 1019 4064 2
1031 3999 1065 4078 ἦν
1079 4027 1098 4064 s.
1109 4025 1134 4059 ν.
1149 4009 1161 4055 1
