2550 4478
132 205 191 295 120
612 206 720 260 umor
1122 221 1131 262 c

130 376 222 465 νέδης
244 374 421 464 ἐκποίητος
450 373 561 453 εἰς
525 401 584 442 τον
606 376 804 451 Ξεναινέτου
828 371 918 443 οἶκον
947 373 1076 493 ἐγένετο
1097 400 1131 439 κο

130 476 243 565 ἐκείνην
266 473 484 565 ἐτελεύτησεν,
512 469 629 544 λ’πειθ
655 472 701 555 ὥς
722 469 954 564 Ἀρίσταρχος,
986 469 1025 542 ού
1053 461 1131 563 ηνο

130 604 148 645 ο
137 575 300 668 “κληρος,
323 577 487 667 πρότερος
499 603 560 644 του
547 577 665 655 υλέος
678 577 899 666 Δημοχάρους
922 575 1123 666 ἐτελεύτησε,

129 678 275 802 μρχάρης
299 679 335 746 δὲ
356 694 440 759 παῖς
462 705 508 746 ων
532 671 687 746 άπέθανε
707 674 805 746 καλ“
785 705 806 767 η
830 678 926 767 ἑτέρα
950 671 1131 767 άδελφη,ι

129 779 187 849 τὸν
209 782 329 869 κλῆρον
357 780 416 849 ἐπὶ
445 785 486 869 τη
515 779 577 884 έμη
598 783 699 869 μητρλ
720 783 891 866 γενέσθαι.
944 786 1015 847 Καλ
1036 805 1131 865 μοιν

127 881 257 950 τούτων
278 881 357 960 τούς
378 881 557 971 μάρτυρας.

555 985 778 1039 MAPTYPEE.

97 1093 114 1149 8
224 1077 338 1163 Ούτως
351 1083 412 1168 μὲν
428 1076 496 1161 έξ’
478 1087 580 1172 αρχῆς
596 1136 604 1152 .
621 1134 629 1150 .
647 1135 654 1151 .
670 1110 719 1172 ην,
743 1069 770 1150 ὦ
787 1077 913 1170 ἄνδρες,
938 1079 955 1150 ὁ
979 1085 1109 1171 κλῆρος,

131 1179 169 1252 οὗ
191 1188 248 1251 νῦν
271 1181 288 1252 ά
313 1184 409 1270 λόγος
432 1183 513 1266 ἐστέ,
536 1184 731 1273 Κυρωνέδου
753 1184 813 1268 μὲν
833 1183 1012 1272 ἐκποιητου
1034 1211 1131 1272 γενσμ

131 1285 180 1362 εἰς
200 1284 259 1353 τδν
279 1287 479 1359 ’Ξεναινέτου
502 1281 602 1367 οἶκον,
625 1289 684 1351 τού
708 1285 743 1351 δὲ
766 1283 896 1373 πατρὸς
916 1278 1131 1375 Ἀριστάρχου

130 1388 197 1454 υἱεῖ
223 1386 416 1477 Δημοχάρει
443 1385 749 1469 καταλιπόντος,’
734 1392 801 1454 εκελ
802 1412 859 1453 νου
889 1386 925 1454 δέ
947 1391 989 1476 τῇ
1019 1382 1130 1478 άδελφ

131 1487 251 1558 έαυτοῦ
271 1487 391 1609 ταύτη,
419 1491 518 1577 μητρλ
542 1488 578 1556 δέ
601 1488 673 1577 έμη.
719 1489 771 1556 δεῖ
792 1489 845 1570 δέ,
869 1487 1050 1611 επειδηέ
1016 1485 1131 1558 λίανά

132 1594 333 1674 σχυντοῦσιν,
364 1576 391 1656 ὦ
421 1584 553 1680 άνδρες,
583 1594 639 1659 καλ
660 1588 702 1658 τὰ
723 1590 877 1710 χρήματα
900 1589 995 1678 παρὰ
1017 1591 1055 1659 τὸ
1084 1593 1131 1660 διν

131 1691 215 1775 ἔχειν
238 1685 380 1775 άξισῦσι,
403 1689 568 1776 μαθεῖνι
549 1696 637 1778 υμᾶς
660 1688 706 1770 ὥς
728 1685 804 1760 σύδε
821 1685 935 1758 καθ’ί
924 1693 981 1759 ένα
1004 1693 1131 1778 νόμον

131 1816 273 1911 σταρχος
295 1793 344 1872 ελς
364 1793 443 1872 τοδς
465 1794 634 1883 φράτερας
650 1791 727 1872 τούς
743 1792 809 1861 έκελ
796 1799 867 1861 λνου
884 1793 1089 1883 εἰσῆκται·’
1075 1793 1131 1861 εὰν

129 1899 229 1962 τοῦτο
251 1894 395 1994 μάθητε,
420 1898 538 1983 σαφῶς
560 1889 745 1963 ε’ίσεσθε’
726 1921 779 1964 οτι
799 1921 847 1982 την
870 1894 915 1984 μη
944 1896 1082 1974 δικαίως
1106 1896 1131 1978 έχ

95 1989 209 2061 ῦούδδ
242 1983 467 2063 διατίθεσθαι
499 1998 598 2113 περλ
609 1988 717 2063 αὐτῶν
746 2000 923 2116 προσῆκεν.
975 1993 1071 2082 οἶμαι
1102 2023 1131 2064 τι

130 2094 261 2174 πάντας
287 2090 373 2180 ύμας
403 2095 542 2178 εἰδέναι,
572 2081 599 2161 ὦ
623 2091 804 2185 άνδρες,”
784 2124 839 2166 οτι
866 2098 951 2165 κατὰ
981 2098 1131 2187 διαθηκα

131 2196 313 2285 εἷσαγωγαλ
333 2202 401 2266 τῶν
416 2197 620 2287 ελσπσιητων
641 2204 818 2321 γίγνονται),
842 2199 1057 2269 διδάντιον
1018 2227 1062 2267 τα
1086 2226 1131 2267 εα

130 2302 186 2367 καλ
216 2301 300 2379 υλεῖς
328 2304 549 2386 ποιουμένων,
581 2296 690 2379 άλλως
717 2294 816 2368 δέ’
782 2326 839 2367 ουκ
869 2301 1005 2380 ἐ’ξεστιν.
1058 2302 1128 2368 ε’άτε

129 2397 346 2488 Ἀρίσταρχον
368 2400 471 2489 φησει
484 2426 537 2479 τις
553 2394 654 2468 αύτδν
670 2401 869 2485 διαθέσθαι,
894 2397 951 2471 ούκ
971 2396 1086 2492 άληθῆ
1110 2406 1129 2469 λ

129 2505 265 2588 γνησλου
287 2500 350 2588 γὰρ
372 2496 476 2579 ὄντος,
491 2496 582 2588 αὐτῷ
603 2502 823 2591 Δημοχάρους
845 2505 934 2584 υἱέος
957 2497 1029 2571 οὔτ’
1053 2493 1093 2571 άν
1118 2504 1131 2570 ε’

131 2603 205 2668 λετο
220 2605 326 2669 ταῦτα
341 2600 561 2691 [δια]πράξαι,
585 2600 662 2672 ούτε
677 2603 752 2692 έξην
768 2604 884 2675 δοῦναι
898 2605 940 2673 τὰ
956 2605 1076 2673 ἑαυτοῦ
1092 2605 1130 2672 ἔτ

131 2701 199 2769 ε’ίτε
221 2694 437 2792 Ἀριστάρχου
460 2704 717 2792 τελευτησαντος
734 2707 915 2797 Δημοχάρη
940 2701 1040 2775 αὐτὸν
1063 2732 1131 2774 ποι

77 2813 115 2871 10
132 2808 228 2887 σθαι,
250 2807 304 2872 καλ
328 2809 434 2874 ταῦτα
455 2807 651 2894 ψεύσονται.
696 2807 821 2887 παιδδς
842 2807 906 2898 γάρ
925 2803 982 2878 ούκ
1005 2807 1114 2887 ἐ’ξεστι

129 2906 238 2998 θηκην
259 2905 476 2994 γενέσθαι(
458 2936 476 2977 ο
499 2908 562 2999 γάρ
586 2911 687 2997 νόμος
710 2908 890 2999 διαρρήδην
912 2909 1033 2978 κωλύει
1048 2910 1131 2976 παιδ

130 3006 253 3088 ἐξεῖναι
270 3009 476 3132 συμβάλλειν
506 3012 589 3101 μηδὲ
617 3015 744 3099 γυναικλ
767 3016 857 3100 πέρα
879 3011 1039 3096 μεδίμνου
1069 3036 1131 3098 κρι

129 3109 377 3200 μεμαρτύρηται
409 3112 445 3179 δὲ
465 3106 682 3202 Ἀρίσταρχον
710 3138 770 3199 μεν
800 3111 966 3199 πρότερον
987 3113 1132 3201 Δημοχά

131 3236 190 3278 του
176 3212 295 3288 υἱέος
309 3215 514 3300 τελευτῆσαι,
539 3214 663 3282 ἐκεῖνον
678 3208 749 3282 δδ“
729 3236 867 3301 υστερον
882 3219 942 3282 τοῦ
956 3215 1099 3303 πατρός·
1126 3245 1131 3282 ι

215 3362 239 3416 7.
258 3365 274 3416 8
292 3363 330 3414 tit.
350 3362 408 3416 εδιλ
426 3363 483 3417 ΑΙδ.
553 3366 580 3422 8.
601 3369 612 3419 1
632 3367 680 3432 τῆε
697 3367 761 3433 λμῆε
777 3365 878 3439 μητρὸε
895 3369 962 3436 sppl.
981 3368 1053 3422 Turr.
1073 3397 1106 3408 -
1126 3375 1131 3422 λ

129 3446 202 3501 Ald.:
220 3449 280 3513 ἐμοὶ
297 3476 332 3486 ·-
349 3450 365 3501 6
383 3443 456 3516 παρά
474 3444 507 3500 τὸ
525 3465 588 3502 corr.
607 3453 631 3515 2,
650 3445 726 3522 παρά
743 3469 773 3504 τε
792 3469 828 3521 pr.
847 3482 881 3491 —
900 3457 914 3506 7
933 3448 1020 3521 νόμον
1037 3469 1101 3506 corr.
1121 3457 1131 3506 λ

130 3548 180 3584 νον
197 3547 236 3599 pr.
253 3561 287 3570 —
305 3534 321 3586 9
338 3530 451 3585 εἴσεσθε
468 3549 515 3600 με,
540 3550 604 3588 corr.
624 3538 647 3587 2.
723 3534 749 3590 9.
768 3538 783 3589 3
801 3532 837 3589 τὰ
854 3536 962 3591 ἑαυτῶν
981 3537 1097 3604 Sauppe:
1115 3557 1131 3589 τ

129 3615 189 3668 τῶν
206 3645 239 3656 -
258 3621 272 3669 7
291 3611 338 3669 δια
357 3616 406 3670 del.
419 3615 477 3683 Bk„
494 3611 706 3689 διαπράξασθαι
724 3621 756 3674 ci.
768 3619 831 3674 Rsk.
849 3651 883 3660 —
902 3626 917 3676 8
936 3617 1086 3694 δημάχαριν
1100 3638 1132 3689 pr

128 3697 251 3773 μοχάρην
268 3717 332 3756 corr.
351 3703 366 3754 2
384 3729 418 3740 —
440 3705 456 3755 9
474 3697 624 3771 ψεύδονται
642 3720 688 3773 με,
706 3721 770 3759 corr.
792 3709 813 3759 1.
901 3704 944 3760 10.
963 3709 1028 3774 2sq.
1046 3707 1132 3774 Harpo

118 3774 183 3838 ,Ὅτι
207 3780 287 3837 παιδὶ
310 3787 356 3837 καὶ
377 3789 485 3857 γυναικὶ
508 3779 555 3838 σύν
579 3786 643 3854 ἐξῆν
666 3784 832 3858 συμβάλλειν
856 3791 926 3859 πέρα
949 3786 1083 3858 μεδίμνου
1100 3812 1131 3861 ιιρ

126 3862 223 3944 ἸσαῖονΙ
238 3867 269 3920 έν
285 3869 326 3935 τη·
345 3871 473 3942 περὶτοῦ
487 3868 662 3941 Ἀριστάρχου
685 3876 727 3940 (ex
746 3888 793 3926 em.
812 3872 922 3939 valesii,
946 3870 1124 3947 Ἀλεξάνδρου

128 3947 225 4024 κλήρου
243 3980 276 3990 -
295 3956 309 4006 5
328 3956 370 4006 ἔτι
388 3950 476 4007 παῖδα
494 3951 564 4009 ὄντα
581 3959 641 4025 post
659 3953 764 4028 πατρὸς
781 3957 839 4014 εδδ.
857 3959 927 4013 Dhr.'
