2572 4476
44 289 89 330 Or.
105 289 126 328 2.
316 270 391 322 ΠΕΡΙ
409 269 473 322 ΤΟΥ
491 268 713 323 ΜΕΝΕΚΛΕΟΥΣ
731 268 870 321 ΚΛΗΡΟΥ.
1094 268 1132 326 15

574 573 614 639 Π.

118 708 256 789 ΠΕΡΙ
279 709 387 790 ΤΟΥ
411 707 801 790 ΜΕΝΕΚΛΕΟΥΣ
822 707 1072 790 KAHPOY.

519 888 665 899 ἡ.

482 1016 713 1069 ΥΠΟΘΕΣΙΣ.

143 1113 310 1166 Μενεκλέους
328 1119 513 1182 ποιησαμένου
525 1113 585 1168 υἱὸν
597 1120 641 1167 καὶ
654 1113 856 1182 ἐπιβιώσαντος
873 1114 906 1186 τῇ
925 1108 1033 1181 ποιήσει
1052 1111 1135 1165 εἴκοσι

87 1204 153 1270 τρία
177 1200 239 1264 ἔτη,
264 1195 392 1268 άδελψεῦν
415 1195 686 1270 ἀμφισβητησάντων
711 1199 759 1252 τοῦ
782 1195 880 1270 κλήρου
905 1195 1076 1270 ἐμαρτύρησέ
1096 1213 1136 1251 τις

88 1281 246 1350 Φιλωνίδης
263 1281 300 1351 μὴ
318 1283 387 1336 εἶναι
405 1283 456 1337 τὸν
474 1283 573 1356 κλῆρον
592 1281 724 1348 ἐπίδικον,
742 1281 959 1354 καταλιίψαντος
976 1281 1036 1336 υἱδν
1049 1287 1134 1335 Μενε-

87 1367 187 1420 κλέους.
214 1366 305 1434 τούτῳ
325 1370 486 1439 ἐπέσκηψαν
503 1367 739 1440 ψευδομαρτυρίας
750 1369 778 1421 οἱ
788 1366 908 1438 ἀδελφοί,
926 1367 1057 1438 καὶπρὸς
1075 1363 1134 1419 τοά·

87 1470 151 1505 τους
169 1450 184 1506 ὁ
203 1457 267 1505 παῖς
284 1448 353 1524 ὑπὲρ
371 1450 454 1506 αὐτοῦ
473 1451 525 1520 τὴν
544 1453 694 1525 ἀπολογίαν
712 1455 870 1527 εἰσέρχεται.
893 1451 970 1505 Ἐστι
988 1448 1019 1504 δὲ
1031 1446 1045 1504 ὁ
1058 1448 1134 1522 λόγος
1152 1457 1167 1506 5

88 1523 168 1589 οὗτος
186 1538 309 1589 ἐναντίος
325 1538 365 1603 τῷ
385 1538 513 1605 περὶτοῦ
533 1535 699 1605 Κλεωνύμου
717 1536 827 1608 κλήρου·
853 1540 908 1588 ἐκεῖ
930 1534 1049 1606 μὲνγὰρ
1067 1533 1134 1605 ὑπὲρ

89 1625 245 1692 συγγενείας
263 1620 347 1682 είπεν,
367 1606 421 1672 ὧδε
439 1617 469 1670 δὲ
486 1617 555 1692 ὑπὲρ
573 1617 714 1688 διαθήκης.
744 1617 779 1672 ‘H
793 1619 887 1673 στάσις
904 1615 1048 1688 ἀντίληψις
1066 1617 1135 1670 κατὰ

91 1703 263 1771 στοχασμόν·
287 1701 356 1774 λέγει
378 1701 430 1774 γὰρ
452 1699 496 1756 ὅτι
520 1704 584 1772 ἐξῆν
601 1701 677 1772 αὐτῷ
703 1709 792 1758 ποιεῖν
811 1705 899 1772 ἑαυτῷ
918 1703 986 1758 υἱόν.
1027 1703 1085 1757 εἶτα
1103 1702 1135 1756 τὸ

93 1784 283 1851 στοχαστικάν,
302 1784 344 1840 δτι
362 1783 392 1841 οὗ
410 1789 536 1842 πεισθείς
552 1795 660 1861 γυναικὶ
677 1787 826 1856 ἐποιήσατό
844 1809 886 1858 με.

141 1901 308 1995 Ἡγοάμην
330 1902 405 1990 μέλι,
434 1895 460 1973 ὦ
485 1903 617 1997 ἄνδρες,
646 1910 681 1977 εἴ
705 1935 757 1988 τις
777 1912 834 1976 καὶ
861 1904 962 1988 άλλος
985 1908 1133 1997 ἐποιήθη

54 2004 123 2074 ὑπό
147 2033 237 2085 τινος
258 2009 342 2076 κατὰ
365 2009 442 2089 τοὺς
464 2011 594 2094 νόμους,
617 2013 674 2078 καὶ
697 2010 758 2099 ἐγώ
775 2016 976 2103 ποιηθῆναι,
999 2014 1052 2078 καὶ
1078 2005 1134 2078 οὒκ

57 2106 97 2176 άν
121 2136 205 2178 ποτε
229 2110 337 2178 εἰπεῖν
360 2105 478 2179 οὐδένα
500 2115 665 2201 τολμῆσαι
687 2110 734 2192 ιῦς
757 2113 941 2202 ἐποιήσατό
963 2139 1004 2197 με
1023 2119 1135 2180 Μενε-

57 2214 135 2298 κλῆς
157 2217 337 2300 παρανοῶν
360 2204 381 2303 ἢ
403 2217 532 2301 γυναικὶ
555 2215 777 2299 πειθόμενος·
804 2213 920 2301 ἐπειδὴ
945 2215 981 2280 δὲ
1004 2210 1136 2290 ὃθεῑος

58 2307 115 2380 οἰκ
137 2307 251 2397 ὀρθῶς
267 2316 515 2400 βουλευέμενος,
540 2313 585 2393 ὠς
601 2315 663 2403 ἐγώ
680 2342 777 2405 φημι,
800 2320 960 2404 πειρᾶται
976 2312 1012 2393 ἐξ
1026 2307 1136 2381 άπαν-

56 2442 114 2494 τος
128 2417 256 2506 τρόπου
271 2417 330 2484 τὸν
346 2413 494 2508 ἀδελφὸν
508 2417 567 2486 τὸν
583 2415 685 2485 αὑτοῦ
701 2415 834 2487 ἄπαιδα
849 2421 1021 2484 τεθνεῶτα
1032 2443 1135 2484 κατα-

57 2523 192 2606 στῆσαι,
212 2515 286 2586 οὔτε
308 2519 387 2599 τοὺς
401 2521 505 2600 θεοὺς
519 2520 598 2600 τοὺς
612 2522 791 2610 πατρῴους
807 2513 887 2588 οὔθ’
912 2517 1003 2605 ὑμῶν
1020 2519 1134 2603 αἰσχυ-

57 2620 193 2704 νόμενος
215 2615 348 2703 οὐδένα,
379 2621 452 2707 ἐμοὶ
483 2618 604 2713 άνάγκη
634 2623 705 2691 ἐστὶ
733 2623 842 2712 πολλὴ
863 2627 1005 2711 βοηθεῖν
1027 2625 1075 2708 τῷ
1098 2645 1134 2686 τε

56 2725 161 2809 πατρὶ
183 2727 231 2808 τῴ
253 2729 471 2812 ποιησαμένῳ
493 2751 534 2808 με
556 2729 611 2792 καὶ
635 2724 776 2812 ἐμαυτῷ.
822 2723 946 2803 διδάξω
970 2711 1027 2790 οὗν
1047 2719 1169 2807 ὗμᾶς2

56 2821 94 2901 ἐξ
115 2818 214 2912 ἀρχῆς
237 2820 283 2903 ιῦς
298 2824 536 2912 προσηκόντως
550 2851 586 2890 τε
601 2829 655 2892 καὶ
672 2825 756 2892 κατὰ
771 2825 849 2903 τοὺς
871 2825 992 2908 νόμους
1008 2824 1135 2910 ἐγένετο

54 2921 73 3013 ἦ
100 2931 248 3012 ποίησις,
271 2928 327 2990 καὶ
350 2919 408 2991 οὐκ
429 2924 519 2992 ’ἐστιν
542 2925 695 3002 έπέδικος
717 2921 734 2991 ὁ
759 2927 876 3012 κλῆρος
892 2921 909 2990 ὁ
927 2928 1136 3002 Μενεκλέους

53 3022 155 3102 ὄντος
178 3023 259 3109 ἐμοῦ
281 3026 357 3092 υἱοῦ
378 3024 512 3107 ἐκείνου,
537 3019 612 3091 ἀλλ’
632 3023 648 3092 ὁ
665 3025 792 3114 μάρτυς
815 3025 1054 3115 διεμαρτύρησε
1076 3018 1136 3091 τά·

55 3129 157 3215 ληθη.
203 3127 321 3212 δέομαι
350 3120 381 3194 δ’
414 3123 506 3212 ὖμιῦυ
536 3124 695 3195 ἁπάντων
723 3130 779 3194 καὶ
802 3121 967 3213 άντιβολιῦ
989 3130 1045 3195 καὶ
1070 3129 1136 3194 ἱκε-

54 3227 141 3295 τεύω
163 3223 239 3312 μετ’
266 3224 397 3308 εὐνοίας
420 3222 654 3315 άποδέχεσθαί
673 3257 737 3317 μου
760 3229 839 3309 τοὺς
862 3230 988 3318 λόγους.

137 3324 330 3417 Ἐπώνυμος
351 3331 413 3420 γάρ
436 3328 454 3399 ὃ
477 3327 666 3422 Ἀχαρνεύς,
697 3333 713 3401 ὁ
737 3333 849 3421 πατὴρ
872 3329 889 3400 δ
912 3331 1080 3424 ἡμέτερος,
1104 3318 1169 3399 ὦς

125 3520 200 3573 ΙΙῑίί.
229 3520 266 3571 Gs.
284 3520 404 3587 Harpoer.
422 3537 448 3572 v.
465 3516 572 3593 ἆγενήςε
597 3516 659 3574 ἀντὶ
678 3522 727 3574 τοῦ
745 3518 828 3575 ἄπαις
847 3520 915 3592 παρ’
934 3522 1025 3587 Ἰσαίῳ
1043 3523 1074 3571 ἐν
1091 3519 1132 3585 τῷ

54 3602 126 3676 ι’·πέρ
144 3601 310 3657 Μενεκλέους
330 3602 434 3674 κλήρου.
470 3605 528 3658 Vox
550 3607 593 3658 illa
617 3604 693 3659 hodie
718 3622 844 3675 nusquam
868 3609 1000 3673 reperitur.
1036 3606 1098 3672 hyp.
1118 3606 1132 3656 2

56 3704 123 3744 unus
142 3694 196 3742 erat
213 3688 336 3742 Meneclis
355 3689 438 3741 frater.
469 3689 531 3756 cn}
544 3694 586 3745 21.
603 3689 675 3743 Turr.
727 3692 751 3745 1.
771 3695 783 3743 1
804 3687 889 3762 ἡγοῦμ
900 3728 923 3742 ..
940 3691 1021 3758 Apu,
1039 3693 1129 3744 corr.1

55 3806 90 3816 -
110 3778 124 3829 2
142 3772 204 3826 τοὺς
216 3774 360 3840 om.Apr.,
373 3775 399 3824 in
410 3788 435 3825 ν.
448 3772 532 3827 add.l
551 3804 585 3812 -
605 3774 777 3827 δτεθνεῶτα
790 3769 895 3826 ἄπαιδα
907 3774 968 3826 Nbr.
986 3804 1019 3814 -
1038 3769 1133 3842 ἵὺμᾶς

56 3860 77 3921 Ο
96 3889 129 3898 -
148 3863 163 3913 8
181 3859 221 3925 τιῖ
240 3877 271 3911 τε
283 3857 380 3910 Bromi:
399 3874 429 3908 τε
441 3858 483 3910 τῶ
499 3886 533 3913 -,
551 3862 567 3912 9
584 3877 618 3925 με
636 3874 685 3912 om.
705 3859 734 3920 0.
792 3856 818 3910 2.
839 3861 851 3908 1
872 3853 1003 3912 διδάσκοι
1023 3876 1071 3913 em.
1084 3859 1132 3913 Bk.

54 3975 91 3984 -
109 3947 124 3996 2
142 3941 205 3996 τοὺς
222 3943 306 3996 οιαλ
324 3957 371 4009 ηε,
383 3957 409 3997 ε.
422 3956 447 3996 v.
460 3942 519 3995 add.
537 3947 549 3995 1
569 3971 604 3982 -
622 3945 637 3995 3
654 3936 669 3994 ὁ
687 3948 747 3995 ante
760 3939 875 3994 Μενεκλ.
888 3944 971 4005 omo
990 3975 1022 3984 -
1040 3950 1056 3998 4
1073 3942 1136 3995 υἱοῦ

55 4021 410 4098 ἐμοῦΟ-οδόιο.0.
478 4023 707 4097 8.1χαρνεὺεο
