2550 4478
23 40 40 97 ί.

20 190 26 213 '¹
52 249 105 290 σιν.
300 231 374 284 ΠΕΡΙ
392 232 456 285 ΤΟΥ
474 232 698 287 ΜΕΝΕΚΛΕΟΥΣ
718 235 854 289 ΚΔΗΡΟΥ.
1077 232 1117 292 ‘23

13 447 17 475 5
50 399 83 466 τά
102 404 314 488 συμφέροντα
334 399 539 487 γνώσεσθαι,
564 400 723 491 διῄτησαν
745 399 832 490 ἡμᾶς
856 397 1045 492 ἀποστῆναι
1070 397 1116 470 ὦν

10 502 17 585 j
52 495 129 580 οὗτος
154 494 396 590 ἠμφεσβητησε
424 505 480 570 καὶ
510 502 626 572 δοῦναι
656 499 798 591 δωρεάν·
827 498 864 572 οὗ
893 505 955 593 γάρ
985 505 1116 595 ἐφασαν
1206 583 1210 591 ¹

10 652 12 695 3
52 597 120 669 εἶναι
134 598 240 691 ἄλλην
256 601 452 690 ἀπαλλαγὴν
468 597 637 688 οὐδεμίαν,
654 604 684 671 εἰ
698 604 743 691 μὴ
757 605 1011 694 μεταλήψονται
1023 601 1116 675 οὗτοι

50 707 101 770 τῶν
121 703 257 772 ἐκείνου.
303 704 337 772 ἐκ
360 705 396 772 δὲ
417 709 477 772 τοῦ
499 707 622 774 λοιποῦ
649 706 770 793 χρόνου
800 706 946 833 ἐγνωσαν
968 705 1056 830 ἡμᾶς
1078 696 1168 783 εὗδε

51 822 142 876 ποιεῖν
165 800 331 894 ἀλλήλους
352 811 408 875 καὶ
440 807 528 894 λόγῳ
555 810 612 875 καὶ
640 807 741 898 ἐργιγ,
771 812 825 877 καὶ
855 813 960 877 ταῦτα
990 804 1115 895 ὀμοσαι

50 902 220 1036 ἠνάγκασαν
242 904 335 997 ἡμᾶς
354 903 566 1031 ἀμφοτέρους
590 908 677 997 πρὸς
698 914 747 997 τιγ
768 915 874 998 βωμιγ
846 937 914 1001 η
933 939 999 999 μην
1014 912 1116 1001 ποιή-

49 1028 120 1079 σειν
140 1013 197 1078 καὶ
220 1007 318 1132 ἡμεῖς
348 1005 528 1096 ὠμόσαμεν
557 999 592 1079 εδ
622 1011 778 1100 ποιήσειν
808 1006 1014 1101 ἀλλήλους’
1001 1039 1034 1081 εκ
1055 1019 1116 1082 τοῦ

48 1113 151 1180 λοιποῦ
170 1111 304 1231 χρόνορ,
326 1113 411 1180 κατὰ
435 1112 575 1197 δύναμιν
598 1111 701 1195 εἶναι,
731 1118 786 1182 και
816 1115 904 1203 λόγῳ
933 1119 989 1183 καὶ
1018 1116 1113 1205 ἐργιγ.

47 1210 133 1280 καί(
109 1239 153 1293 ως
176 1207 196 1281 δ’
218 1239 258 1281 τε
279 1207 376 1301 ὅρκος
398 1214 545 1302 ἐγένετο,
568 1219 623 1284 καὶ
646 1216 776 1300 ἐχουσιν
799 1212 892 1286 οὗτοι
915 1247 936 1285 α
959 1218 1112 1309 ἐγνώσθη
1128 1233 1167 1291 88

48 1309 143 1396 αδτοῖς
163 1313 233 1385 ὑπὸ
259 1321 325 1384 τών
348 1317 479 1386 οἰκείων
501 1323 569 1386 τῶν
596 1319 715 1387 τούτου
722 1372 731 1401 ,
762 1317 835 1388 εἶτα
859 1325 929 1388 νυνὶ
951 1325 1049 1389 ταυτὶ
1070 1322 1113 1389 τά

47 1409 144 1503 άγαθά
160 1422 323 1486 ποιοῦσιν
344 1416 447 1507 ἡμᾶς,
470 1419 529 1488 τδν
554 1422 615 1504 μὲν
643 1425 815 1489 τεθνεῶτα
838 1417 971 1491 ἄπαιδα
992 1425 1113 1508 βουλό-

45 1543 123 1600 μενοι
144 1525 365 1609 καταστῆσαι,
389 1521 447 1606 ἐμὲ
469 1515 501 1588 δ’
528 1522 698 1607 ἐκβάλλειν
720 1519 915 1607 ὑβρίσαντες
938 1521 971 1590 ἐκ
986 1528 1044 1591 τοῦ
1061 1525 1112 1590 α’ί·

45 1645 89 1686 κου
97 1614 205 1702 ,τοὺς
226 1621 367 1707 γνόντας
390 1617 510 1701 αὖτοὺς
533 1619 611 1706 ὑμῖν
633 1622 824 1748 παρέξομριι
845 1622 1030 1713 μάρτυρας,
1055 1623 1112 1691 ἐὰν

44 1719 95 1787 ἐθί
81 1673 196 1791 ίλωσιν
207 1717 334 1809 ἆναβαί
335 1749 456 1793 νειν-
417 1723 583 1791 -εέσί
545 1750 608 1811 γαρ
622 1723 751 1792 τούτων
767 1723 937 1791 οέκείοι-
896 1750 989 1806 -,ει
980 1724 1099 1791 Ἡδὲ
1055 1751 1110 1810 μη,

42 1821 111 1902 τούς
130 1831 429 1913 παραγενομένους.
474 1832 544 1894 Καί
565 1851 625 1910 μοι
646 1822 708 1905 τὰς
728 1831 913 1914 μαρτυρίας
936 1819 1110 1944 ἀνάγνωθι
1125 1833 1163 1892 84

42 1935 189 1997 ταυτασί·
214 1927 254 1997 σι)
279 1921 352 1994 δ”
338 1953 382 1994 επ
385 1929 480 2012 λίοιβε
501 1926 540 1995 τδ
563 1919 663 2014 ν’δωρ.

456 2031 686 2085 ΜΑΡΤΥΡΙΑΙ

110 2114 214 2200 Λαβέ
237 2113 276 2203 δή
300 2139 359 2197 μοι
381 2113 443 2192 τάς
463 2120 649 2201 μαρτυρίας
664 2111 800 2196 ἐκείνας,
825 2109 870 2191 ὦς
885 2114 922 2180 τό
939 2139 975 2180 τε
987 2121 1111 2201 χωρίον

39 2211 254 2303 ἑβδομήκοντα
275 2219 367 2300 μναῖν
390 2214 542 2304 ἐπράθη,
572 2217 633 2286 καί
657 2210 704 2292 ὦς
727 2209 896 2298 ἀπέλαβεν
918 2211 936 2280 ὁ
961 2208 1111 2303 ὀρφανὸς

37 2312 112 2384 ἑπτά
133 2320 192 2385 καί
215 2316 373 2406 ἑξήκοντα
394 2320 695 2403 μνᾶςπραθέντος
716 2319 775 2381 τοῦ
796 2321 930 2402 χωρίου.

457 2419 688 2472 MAPTYPIAI·
721 2471 722 2475 ,

110 2499 149 2571 Ὁ
178 2507 278 2582 θεῖος
304 2508 417 2571 τοίνυν
440 2497 571 2583 οὑτοσί,
601 2486 627 2567 ὦ
658 2495 790 2589 ἄνδρες,
822 2498 1109 2590 κεκληρονομηκως
1124 2511 1162 2567 35

35 2607 93 2671 τῶν
117 2603 245 2673 ἐκείνου
268 2603 353 2692 ἐργιγ
376 2605 432 2670 καὶ
456 2597 493 2670 οὗ
517 2602 604 2690 λόγῳ
621 2595 736 2692 ὥσπερ
751 2600 826 2688 ἐγώ,
849 2603 905 2668 καὶ
926 2603 1008 2687 ἐχων
1030 2599 1111 2686 ἐμοῦ

31 2702 141 2793 πολλῷ
157 2707 317 2772 πλείονα·
341 2703 404 2791 ἐγώ
427 2706 487 2789 μὲν
502 2703 565 2792 γὰρ
580 2703 641 2783 τὰς
655 2709 851 2791 τριακοσίας
870 2697 1018 2791 δραχμὰς
1034 2698 1110 2766 ἐλα-

28 2811 83 2890 βον
105 2805 169 2884 τὰς
192 2807 479 2894 περιλειφθείσας
502 2799 577 2880 ἐιπδ4
595 2809 654 2894 τῆς
675 2808 775 2892 τιμῆς
801 2807 860 2871 τοῦ
886 2808 1025 2888 χωρίου,
1054 2802 1110 2865 καὶ

28 2907 167 2977 οἰκίδιον
190 2901 210 2976 δ’
233 2908 323 2977 ἐστιν
347 2901 405 2975 οὐκ
428 2903 522 2986 άξιον
544 2908 645 2992 τριῶν
667 2907 773 2989 μνιῦν·
805 2896 902 2978 οὗτος
932 2902 968 2967 δὲ
990 2901 1109 2965 πλεῖον
1187 2909 1188 2912 ’

25 2999 44 3097 ἢ
64 3011 146 3078 δέκα
168 3013 261 3095 μνῶν
279 3015 404 3098 χωρίον
420 3007 511 3091 ἐχων,
537 3002 610 3072 εἶτα
625 3008 767 3093 προσέτι
783 3006 839 3069 νῦν
853 2995 926 3090 ἥκει
942 2998 1001 3066 τὸν
1017 2994 1107 3065 οἶκον

27 3105 126 3179 αὖτοῦ
156 3108 385 3200 ἐξερημώσων.
430 3112 485 3176 καὶ
515 3106 577 3194 ἐγώ
607 3102 708 3191 μένὸ
747 3101 890 3192 ποιητάς
919 3099 1042 3168 ἐκεῖνόν
1071 3115 1159 3174 veae

28 3210 131 3292 ζῶντα
155 3211 383 3300 ἐθεράπευον,
412 3213 467 3279 καὶ
492 3203 592 3288 αὐτὸς
614 3204 710 3296 καὶὴ
741 3205 801 3294 ἐμὴ
831 3203 926 3295 γυνή,
954 3201 1106 3290 θυγάτηρ

108 3429 155 3485 82.
175 3434 190 3483 2
208 3424 340 3497 ἄλλὴλυ.ε
358 3432 378 3483 Α
396 3436 443 3497 p'r.,
461 3447 525 3482 corr.
541 3432 566 3491 1;
586 3429 648 3481 item
666 3443 690 3480 ν.
710 3433 726 3482 4
745 3457 777 3487 ‚—
796 3429 811 3480 3
829 3422 898 3494 ἡμᾶς
915 3421 1105 3496 ἠνάγκασανο

29 3545 56 3554 -
74 3520 91 3568 4
109 3519 202 3568 ποιεῖν
218 3515 242 3568 Α
259 3544 294 3554 -
312 3519 327 3568 5
347 3511 442 3568 λοιποῦ
459 3515 540 3582 Apu,
560 3509 704 3566 ίπιίοίπαῦ
722 3513 780 3578 [ἐπι
792 3527 812 3563 s.
825 3512 860 3577 v.)
879 3524 943 3563 corr.
961 3514 987 3560 1:
1006 3501 1105 3558 ἐπιλοί-

30 3616 77 3652 που
95 3601 175 3668 vulgo
193 3599 305 3667 (ιι-07).
391 3595 436 3654 83.
455 3601 470 3652 2
488 3591 543 3651 άπὸ
562 3596 584 3647 Α
602 3626 636 3636 -
654 3598 669 3650 3
687 3591 848 3664 βουλόμενοι
865 3587 972 3647 ἄπαιδα
989 3587 1018 3650 Q.

32 3733 70 3790 δὲ.
92 3740 102 3788 1
121 3733 263 3788 caemA
288 3762 322 3773 -
347 3729 495 3800 λίπίβαλε
513 3732 542 3794 0,
568 3677 685 3800 ίπίβαλέ
701 3732 735 3782 A:
759 3745 807 3782 em.
826 3727 956 3796 Tyrwhitt
974 3753 1008 3764 -
1033 3725 1048 3776 3
1067 3725 1109 3775 tit.

34 3822 160 3890 μαρτυρία
176 3821 208 3885 Α,
226 3835 277 3872 om.
295 3819 331 3879 Q:
350 3832 399 3870 em.
417 3817 465 3870 Bk.
484 3844 517 3855 -
536 3821 550 3869 ’ί
570 3817 610 3871 tit.
628 3831 679 3869 om.
698 3814 727 3875 Q.
805 3811 851 3866 85.
872 3814 883 3862 l
904 3813 998 3861 τοίνυν
1016 3823 1066 3861 om.
1085 3808 1105 3869 Q

37 3930 62 3943 -·
79 3907 94 3958 3
110 3907 162 3972 μὲν
179 3920 231 3957 σεε.
249 3903 271 3954 Δ
290 3930 324 3942 -·
342 3905 356 3955 7
376 3899 460 3954 αὐτοῦ
478 3899 563 3961 omo
581 3928 615 3941 -·
632 3895 847 3967 ἐξερημωθέντα
858 3892 888 3954 Q.
957 3892 1002 3948 86.
1021 3895 1036 3944 2
1056 3890 1107 3943 θυ-

37 3987 112 4058 γάτηρ
124 4008 130 4039 :
144 3985 282 4060 θεράπων
299 3985 320 4047 Q
