2572 4476
133 234 174 295 70
584 236 691 290 ΙΣΔΙΟΥ
1141 247 1224 294 θυι.

130 407 209 474 τότε
233 407 294 491 μὲν
315 413 476 497 Λημνίαν
504 406 714 497 σκήψόμενοι
740 404 863 493 ταύτην
892 397 1060 490 ἀναβολήν
1090 401 1204 493 ἐποιή-

133 526 251 576 σαντο·
274 506 312 575 τὸ
337 501 370 575 δ’
388 501 526 596 όστερον
546 502 679 597 ήκοντες
701 505 749 584 εἰς
770 504 830 595 τήν
852 498 1035 591 όνόκρισιν,
1056 508 1140 593 πρὶν
1153 512 1208 574 καί

129 637 207 677 τινα
229 610 381 698 ἐρέσθαι,
404 605 506 690 εὐθὺς
527 609 639 698 ἔλεγον
653 603 707 678 ότι
721 609 909 696 Καλλίππή
931 601 1047 696 μήτηρ,
1072 600 1156 697 αὕτη
1172 602 1204 675 δ’

132 711 184 800 εἴη
211 712 416 792 Πιστοξένου
444 712 612 803 θυγάτηρ,
641 708 688 791 ὥς
717 709 890 798 ἐξαρκέσον
918 709 949 776 εἰ
976 704 1085 793 όνομα
1107 709 1206 794 μόνον

133 819 335 902 πορίσαιντο
355 814 414 883 τόν
435 814 651 894 Πιστόξενον.
695 811 859 902 ἐρομένων
881 805 914 877 δ’
930 807 1025 898 ἡμῶν
1039 803 1136 890 ὅστις
1159 812 1206 901 είή

133 918 190 983 καί
212 915 243 984 εἰ
266 916 303 1005 ζῇ
323 907 345 1005 ή
365 916 421 1005 μή,
445 914 478 984 ἐν
501 918 637 1005 Σικελία
659 914 789 1005 ἔφασαν
811 907 1002 980 ἀποθανεῖν
1029 913 1207 1000 στρατευό-

133 1043 242 1103 μενον,
265 1016 494 1085 καταλιπόντα
507 1016 630 1106 ταότήν
651 1020 823 1104 θυγατέρα
837 1012 932 1103 παρὰ
946 1017 993 1100 τῷ
1014 1007 1209 1102 Εὐκτήμονι,

134 1118 171 1197 ἐξ
191 1117 495 1206 ἐπιτροπευομένης
517 1118 554 1183 δὲ
567 1117 676 1184 τούτω
697 1122 867 1202 γενέσθαι,
890 1119 1028 1203 πρᾶγμα
1043 1115 1211 1183 πλάττον

132 1244 187 1296 τες
209 1213 363 1304 ἀναιδείᾳ
385 1214 595 1301 ὑπερβάλλον
610 1220 664 1284 καί
681 1213 757 1284 οὐδὲ
778 1215 963 1302 γενόμενον,
986 1213 1032 1294 ὥς
1053 1215 1119 1304 ἐγὼ
1134 1213 1211 1301 ὑμῖν

83 1331 119 1391 14
136 1314 305 1408 ἀποφανῶ
333 1317 368 1384 ἐκ
396 1316 523 1384 τοότων
545 1321 681 1406 πρῶτον
702 1312 749 1384 οἷν
772 1311 866 1385 αὐτοὶ
890 1313 1122 1406 ἀπεκρίναντο.
1172 1322 1212 1406 τῇ

133 1421 193 1505 μὲν
221 1417 284 1507 γὰρ
313 1421 469 1508 στρατιᾷ,
500 1412 563 1508 ἀφ’
590 1413 629 1486 οὗ
657 1418 854 1499 ἐξέπλευσεν
881 1420 930 1499 εἷς
954 1423 1119 1502 Σικελίαν,
1149 1417 1210 1510 ήδη

134 1521 205 1590 ἐστὶ
229 1519 286 1587 δύο
302 1524 358 1588 καὶ
381 1521 587 1609 πεντήκοντα
608 1521 681 1611 ότή,
707 1515 776 1589 ἇπδ
799 1516 1018 1610 Ἀριμνήστου
1042 1518 1211 1611 ἄρχοντος,

132 1627 181 1708 τῴ
203 1622 239 1687 δὲ
261 1629 475 1712 πρεσβυτέρῳ
496 1624 632 1703 τούτων,
660 1618 706 1691 τόν
735 1645 840 1712 φασιν
862 1623 897 1691 ἐκ
923 1627 982 1712 τῆς
1004 1626 1117 1692 Καλλί
1103 1630 1212 1713 ίππης

132 1726 187 1790 καί
209 1726 269 1791 τοῦ
271 1719 521 1846 Εὐκτήμονος
524 1723 619 1806 εἶναι,
644 1721 740 1792 οόπω
762 1723 847 1813 ὑπὲρ
871 1724 995 1792 εἴκοσιν
1017 1724 1084 1814 ἕνη.
1126 1720 1211 1814 ἄφε-

134 1824 226 1892 λόντι
248 1850 306 1891 ουν
326 1830 432 1893 ταῦτα
455 1820 523 1892 ἂπδ
547 1831 615 1894 τῶν
637 1826 671 1893 ὲν
693 1829 828 1915 Σικελίᾳ
792 1823 977 1894 ίόπολεί
964 1833 1080 1894 ίπεται
1102 1829 1211 1894 πλείω

132 1917 353 2014 ἢτριόκοντα
376 1925 447 2015 ἐ’τή·
471 1919 552 1992 ωστ’
572 1922 631 1992 οότ
633 1920 959 2014 ’ἐπιτροπεύεσθαι
981 1933 1130 2017 προσῆκε
1152 1928 1211 2018 τήν

133 2029 243 2097 Καλλί
230 2035 339 2118 ίππήν
367 2027 431 2109 ἑτι,
460 2031 709 2150 τριακοντοήτίν
730 2053 766 2115 γε
792 2016 905 2112 οὖσαν,
936 2027 1012 2098 οότε
1033 2025 1210 2098 ἀνέκδοτον

133 2135 189 2199 καὶ
212 2128 344 2199 δὶπαιδα
366 2127 466 2212 εἶναι,
496 2123 581 2196 ἀλλὰ
610 2130 700 2199 πάνυ
723 2130 832 2199 πάλαι
853 2147 1026 2214 συνοικεῖν,
1051 2159 1072 2220 ή
1058 2122 1210 2222 ἐγγυή-

79 2244 116 2300 15
133 2239 255 2302 θεῖσαν
282 2230 367 2298 κατὰ
389 2231 476 2319 (τόν)
505 2232 606 2317 νόμον
632 2261 652 2323 η
637 2223 968 2303 ”ίπιδικασθεῑσαν.
1018 2234 1068 2302 ἐ’τι
1094 2234 1132 2301 δὲ
1152 2239 1210 2301 και

130 2333 376 2420 γιγνωσκεσθαι
404 2329 506 2423 αὐτήν
533 2331 601 2403 όπό
630 2362 697 2403 των
720 2331 928 2425 Εὐκτήμονος
953 2335 1085 2402 οἰκείων
1107 2329 1209 2423 όναγ·

130 2446 224 2500 καῖον
246 2422 286 2522 ήν
300 2433 388 2503 ual‘
371 2435 438 2503 υπδ
454 2439 521 2502 τῶν
537 2436 732 2517 οίκετιῦν,’
706 2461 737 2502 ει
733 2436 817 2525 ’πέρ
831 2463 868 2524 γε
887 2437 1072 2558 συνῴκησεν
1095 2435 1210 2522 ἐκείνῳ

130 2559 149 2620 ή
135 2524 318 2623 διητήθή
341 2541 501 2604 τοσοῦτον
520 2536 639 2656 χρόνον
662 2534 696 2601 ἐν
713 2563 753 2622 τῃ
740 2537 875 2625 οἰκία
919 2537 961 2603 τὰ
983 2536 1046 2624 γὰρ
1069 2541 1211 2604 τοιαῦτα

132 2629 190 2703 οὐκ
218 2636 267 2715 εἰς
294 2636 354 2758 τήν
383 2631 557 2724 όνόκρισιν
582 2634 686 2720 μόνον
714 2635 767 2702 δεῖ
792 2637 996 2724 πορίζεσθαι
1024 2632 1211 2728 [όνόματα],

133 2732 219 2806 όλλὰ
240 2765 280 2826 τῃ
305 2732 451 2828 όλήθείᾳ
472 2736 631 2827 γεγονότα
653 2741 841 2825 φαίνεσθαι
855 2733 1000 2803 καίόπδ
1018 2739 1084 2802 τῶν
1099 2762 1212 2820 προσ-

79 2853 117 2910 16
134 2841 280 2964 ήκόντωγ
293 2848 635 2930 καταμαρτυρεῑσθαι.
669 2835 849 2919 ἀποδεῖξαι
862 2844 974 2906 τοίνυν
989 2833 1083 2926 ἡμῶν
1097 2840 1212 2908 κελευ-

133 2944 238 3011 όντων
260 2936 355 3022 ὅστις
377 2941 449 3012 οἶδε
469 2949 537 3012 τῶν
552 2939 762 3035 Εὐκτήμονος
777 2943 909 3011 οἰκείων
929 2931 950 3030 ή
967 2938 1212 3028 συνοικήσασαν

133 3044 246 3132 ἐκείνῳ
268 3045 344 3116 τινὰ
366 3036 388 3136 ἢ
410 3046 469 3137 τήν
483 3051 691 3137 Καλλίππήν
705 3045 1021 3135 ἐπιτροπευομένην,
1043 3043 1099 3109 καί
1113 3042 1211 3130 παρὰ

133 3149 200 3213 τεόν
229 3143 380 3216 όντων..
394 3150 641 3234 ,θεραπόντων
669 3148 727 3215 τόν
757 3147 886 3233 ἔλεγχον
908 3148 1105 3224 ποιεῖσθαι,
1133 3133 1213 3231 ήεί

218 3300 262 3358 13.
280 3298 480 3371 λσκεκμόμενοι
497 3318 544 3368 με,
562 3317 625 3354 corr.
644 3304 711 3353 2-
734 3298 838 3366 ταύτην
856 3303 907 3369 τὴν
924 3301 1033 3352 ΑΙδ.-
1051 3295 1211 3364 4καλλίπή,

133 3389 195 3442 item
214 3406 236 3442 π
252 3401 299 3456 pro
317 3404 361 3440 ππ
380 3390 420 3440 14.
436 3392 451 3437 4
469 3389 497 3438 εί
514 3389 529 3438 8
549 3415 580 3423 -
599 3389 614 3438 5
632 3383 786 3456 ἐξαρκέσειν
798 3401 836 3450 pr.
855 3416 886 3424 -
905 3388 922 3438 9
940 3384 1213 3454 ίξεπιτριπινομίνήε

134 3490 181 3542 μ,
194 3490 256 3528 corr.
266 3475 281 3526 2
293 3500 327 3511 -
339 3465 518 3542 πράττοντιεε
536 3482 584 3523 em.
595 3468 644 3524 Bk.
662 3498 695 3508 -
716 3472 746 3521 10
758 3462 819 3521 οὐδ’
833 3465 1011 3542 ἐγγινόμενον
1023 3469 1135 3535 Sauppe,
1146 3462 1209 3521 οὐδ’

137 3552 172 3611 ἂν
210 3579 248 3612 ιν.
266 3557 344 3619 Htw„
365 3555 393 3607 ft.
415 3549 593 3608 οὐδεπώποτε
609 3573 665 3625 γεν.
733 3554 776 3608 14.
796 3557 811 3608 3
828 3549 977 3627 ἀριμνὴτου
994 3570 1041 3621 pn,
1059 3569 1123 3607 corr.
1145 3556 1155 3606 ί
1177 3584 1212 3593 -

135 3648 151 3695 4
170 3662 211 3695 αν
228 3641 304 3694 ask:
325 3633 358 3692 δν
376 3669 408 3677 -
428 3643 442 3691 7
460 3633 521 3691 οὐδ’
540 3668 574 3679 -
591 3638 733 3708 προσήκεις
752 3654 800 3691 em.
817 3639 920 3707 Sauppe
938 3667 971 3677 -
989 3642 1005 3692 8
1023 3635 1086 3690 οὔτε
1102 3653 1167 3692 corr.
1188 3643 1212 3702 1,

133 3722 208 3781 ὥστε
222 3744 259 3796 pr.
271 3755 305 3765 -—
321 3729 351 3778 10
362 3721 413 3776 τὸν
424 3723 481 3777 add.
495 3722 612 3776 Schoem.
663 3723 705 3778 15.
724 3727 739 3775 5
757 3718 881 3786 ὀνόματα
897 3722 947 3775 del.
966 3723 997 3774 de
1014 3737 1080 3775 meo.
1131 3722 1177 3777 16.
1196 3727 1209 3775 1

134 3809 214 3882 ὑμῶν
231 3827 278 3877 pn,
302 3825 366 3863 corr.
385 3812 400 3862 2
424 3839 458 3848 -
481 3812 498 3862 3
515 3806 566 3875 τὴν
583 3805 664 3860 καλλί
669 3824 753 3874 ,πηντ
772 3808 821 3861 del.
839 3807 908 3871 obn,
924 3803 987 3859 τινὰ
1005 3800 1031 3872 [ἢ
1047 3805 1106 3870 τὴν]
1125 3803 1212 3858 Καλλ.

134 3891 200 3962 ἢεί.
218 3894 296 3960 ask,
320 3895 349 3947 st.
368 3893 416 3947 del.
435 3887 452 3960 ἢ
469 3911 494 3949 v.
513 3888 607 3959 λελῆ
629 3890 681 3960 τὴν
698 3909 723 3944 v.
741 3896 757 3947 3
776 3922 807 3932 -
825 3897 841 3946 4
859 3893 918 3945 τῶν
940 3886 1010 3959 παρ’
1029 3883 1094 3955 ἡμῖν
1117 3885 1213 3946 όντων

135 3981 201 4050 sppl.
220 3979 327 4048 Kayser,
350 3979 436 4032 malim
454 3979 514 4032 τῶν
531 3974 625 4032 ὄντων
642 3977 685 4031 ἔτι
702 3979 733 4028 ίν
748 3977 784 4048 τῇ
800 3977 880 4042 οἰκίᾳ.
917 4005 919 4009 <

135 4188 242 4219 .-
