2572 4476
32 160 53 191 „-
93 132 145 184 ιιι
325 110 402 168 σενι
418 115 483 169 τον
500 114 742 169 ιιιοιιοιυνον
759 114 896 168 (μονον.
1113 112 1151 174 οι

32 338 45 361 ,,
86 283 228 373 τυρηκόσι
252 284 435 367 πιστεύειν,
457 287 512 352 καὶ
536 285 657 362 οἵτινες
679 288 745 351 τῶν
767 281 894 367 ὁμοίως
916 284 1154 374 προσηκόντων

32 446 38 479 ι
83 387 182 473 ἔργοις
204 391 362 475 φανερῶς
383 386 671 475 μεμαρτυρήκασιν
693 382 739 465 ὥς
763 384 885 465 ἐκεῖνος
911 391 1017 455 ταῦτα
1039 381 1155 476 ὀρθῶς

32 555 34 563 ,
79 492 127 556 καί
154 487 241 555 κατὰ
271 486 349 568 τούς
379 489 501 574 νόμους
530 488 664 577 ἔπραξε.
721 490 881 559 κατέλιπε
912 488 976 577 γὰρ
1005 485 1155 570 Εύπολις

77 596 264 679 θυγατέρας
280 591 349 672 δύο,
372 591 494 681 ταύτην
508 589 579 679 τεῆ
597 594 653 658 νῦν
672 584 878 681 ἀμφισβητεῖ
900 593 955 657 καὶ
977 592 1153 679 Προνύπει

77 706 229 774 συνοικεῖ,
253 694 310 759 καὶ
333 688 435 781 ἀλλην
457 691 497 780 ἣν
520 692 612 776 ἐ’σχεν
626 691 792 782 Αἰσχίνης
814 689 1034 774 όΛουσιεύς,
1057 691 1077 780 ἢ
1101 719 1154 759 τε·

74 795 266 884 τείεύτηκεν
294 793 367 862 υίόν
399 790 504 883 ἀνδρα
532 789 595 883 ἤδη
624 796 874 877 καταλιποῦσα,
907 793 1153 883 Θρασύβουλον.

72 896 141 966 ἔστι
165 897 205 964 δὲ
228 895 331 982 νόμος
352 895 466 982 (ὃς),’
451 895 510 964 εάν
532 890 717 986 ἀδελφός
700 896 884 986 ομοπότωρ
908 891 1014 976 ἀπαις
1042 897 1153 964 τελευ-
1171 906 1207 960 19

73 999 152 1086 ιη’σῃ
175 1001 235 1065 καὶ
258 997 303 1088 μὴ
328 999 540 1083 διαθέμενος,
563 998 622 1121 τήγ
644 1025 680 1065 τε
704 992 890 1089 οἰδελφηνε
873 1025 936 1084 ομο
940 1005 1015 1081 ίως,
1038 989 1098 1066 κάν
1121 997 1158 1078 έξ

72 1099 188 1187 ἑτέρας
212 1087 464 1190 ἀδελφιδοῦς
445 1127 465 1189 η
488 1126 645 1187 γεγονως
677 1101 870 1228 ἰσομοίρους
891 1105 958 1167 τῶν
976 1101 1155 1191 χρημάτων

73 1208 270 1290 καθίστησι.
314 1206 369 1269 καί
399 1207 497 1270 τοῦτο
528 1197 584 1271 ούκ
608 1197 835 1330 ἀγνοούμενόν
851 1202 940 1271 ἐστιν
968 1198 1043 1271 οὐδὲ
1066 1196 1152 1325 παρ’

74 1298 188 1384 αἰτοῖς
211 1303 354 1383 τούτοις.
400 1305 483 1394 ἰργῳ
511 1305 574 1393 γὰρ
598 1299 690 1372 οὗτοι
714 1302 859 1394 φανερόν
887 1309 985 1372 τοῦτο
1007 1305 1154 1393 πεποιή-

75 1427 164 1476 κασι·
201 1410 262 1474 τοῦ
293 1406 356 1494 γὰρ
386 1401 576 1487 Εὐπόλιδος
605 1409 694 1484 υίέος
723 1403 869 1484 ἀπαιδος
897 1401 1154 1493 Ἀπολλοδώρου

77 1508 333 1596 τελευτήσαντος
365 1507 407 1575 τὰ
436 1505 560 1599 ἡμίσεα
592 1501 827 1597 Θρασύβουλος
857 1507 1008 1596 είληφεν,
1040 1499 1155 1584 ούσίας

32 1608 35 1631 '
77 1612 130 1676 καὶ
152 1609 419 1678 πεντεταλάντου
433 1612 720 1737 καταλειφθείσης
741 1609 875 1698 ῥηιδίως
913 1606 1081 1696 πατρῴων
1094 1607 1154 1691 μὲν
1170 1617 1210 1672 211

32 1717 41 1794 ζ
80 1697 132 1777 ούν
152 1715 211 1778 καὶ
235 1703 385 1802 ἀδελφοῦ
403 1711 582 1802 χρημάτων
604 1709 641 1779 τό
666 1711 740 1779 ἰσον
757 1705 870 1790 αὐτοῖς
893 1707 910 1778 ό
931 1709 1032 1795 νόμος
1053 1734 1155 1793 μετα-

32 1888 41 1895 ,
83 1826 163 1894 σχεῖν
180 1812 337 1881 διδωσιν
361 1807 505 1899 ἀνεψιοῦ
528 1814 573 1896 δέ,
596 1840 651 1880 και
667 1817 698 1880 ει
719 1839 772 1893 τις
787 1812 850 1892 εξω
864 1838 985 1902 ταυτης
1004 1838 1064 1902 της
1078 1835 1155 1899 συγ

32 1978 36 1988 ,
82 1920 204 1998 γενείας
227 1913 329 1997 ἐστίν,
353 1909 411 1982 οόκ
434 1916 517 1997 ἰ’σον,
543 1909 627 1982 ἀλλὰ
650 1921 828 2005 προτέροις
845 1929 917 1994 τοῖς
940 1910 1075 2004 α’ρρεσιν
1090 1917 1156 1980 τῶν

32 2006 42 2017 μ
86 2018 225 2140 θηλειων
247 2016 307 2104 τὴν
330 2010 520 2104 ἀγχιστείαν
543 2023 717 2107 πεποίηκε.
752 2019 839 2103 λέγει
858 2017 922 2143 γάρ
946 2031 1097 2104 ,κρατεῖν
1121 2015 1156 2080 δὲ

34 2110 41 2163 ·’
85 2117 152 2198 τούς
175 2114 317 2239 ἀρρενας
337 2122 394 2186 καί
416 2118 494 2198 τούς
516 2118 549 2186 ἐκ
572 2123 638 2185 τῶν
661 2114 816 2240 ἀρρένων,
841 2122 872 2184 οι
889 2107 929 2182 ἀν
952 2115 986 2182 ἐκ
1008 2120 1074 2181 τῶν
1098 2108 1156 2180 αύ-

32 2294 39 2301 .
87 2224 141 2288 τόν
164 2243 246 2303 ωσι,
275 2211 335 2287 κάν
356 2225 444 2308 γένει
467 2214 631 2308 ἀπωτέρω
652 2219 857 2307 τυγχάνωσιν
885 2213 1008 2296 όντες.“
1054 2215 1156 2305 ταύτῃ

32 2388 37 2406 y
87 2309 190 2403 μέν
152 2349 211 2390 ουν
226 2314 303 2390 οὐδὲ
317 2328 438 2411 μέρους
453 2325 564 2406 λαχεῖν
578 2324 735 2411 προσῆκε,
754 2319 979 2409 Θρασυβούλῳ
995 2315 1066 2387 δὲ(
1047 2318 1156 2386 απόν-

32 2415 35 2495 .
88 2449 152 2508 των,
177 2425 207 2492 εἰ
229 2423 275 2511 μὴ
290 2431 407 2513 κυρίαν
427 2421 538 2513 ἡγεῖτο
554 2420 640 2492 είναι
662 2421 721 2512 τὴν
737 2421 817 2512 ἐμὴν
833 2420 1035 2513 εἰσποίησιν.
1074 2418 1156 2489 ἐκεῖ·
1173 2424 1212 2488 21

88 2551 134 2607 νος
162 2533 276 2595 τοίνυν
306 2520 381 2593 οότε
411 2523 448 2606 ἐξ
469 2519 569 2615 ἀρχῆς
597 2520 830 2615 ἦμφεσβήτηκε
859 2522 946 2613 πρὸς
976 2522 1033 2609 ἐμὲ
1063 2517 1157 2590 ούδὲν

87 2625 154 2697 οότε
181 2633 238 2697 νῦν
269 2628 362 2717 δίκην
391 2628 499 2717 εἴληχε
529 2630 608 2715 περὶ
638 2621 761 2709 αύτιῦν,
798 2622 881 2693 ἀλλὰ
910 2629 1016 2692 ταῦτα
1045 2625 1157 2692 πάντα

86 2729 227 2809 κολῶς”
209 2755 295 2813 εχειν
318 2725 542 2818 ὡμολόγηκεν·
567 2754 600 2795 οι
591 2721 655 2793 ‘6'
681 2724 767 2813 ὑπὲρ
789 2728 911 2815 ταύτης
933 2726 1070 2792 πάντων
1093 2721 1156 2811 ἀμ-

86 2838 256 2923 φισβητεῖν
278 2831 532 2920 τετολμηκασιν
565 2828 612 2905 εἰς
641 2831 738 2893 τούτο
763 2821 894 2894 ἀναιδεῖ
881 2831 934 2903 ίας
960 2825 1156 2946 εληλύβασι.

85 2937 179 3023 Λαβὲ
203 2926 299 3022 δὴ’
261 2946 374 3011 αυτοῖς
389 2931 467 3011 τούς
490 2930 619 3013 νόμους,
643 2953 713 3013 παρ
748 2927 804 3007 οὓς
818 2930 924 2994 ταῦτα
939 2950 1156 3032 πεποιηκασι,

85 3039 132 3102 καί
157 3030 343 3120 ἀνάγνωθι.

549 3135 696 3190 ΝΟΜΟΣ.

165 3359 209 3414 18.
228 3361 242 3408 2
261 3358 307 3407 καί
324 3355 433 3407 οἵτινιες
459 3355 486 3405 εἴ
499 3371 572 3407 τινες
588 3355 658 3419 Rsk„
676 3355 700 3406 εἰ
717 3360 765 3406 καί
780 3371 852 3407 τινος
869 3353 926 3418 Bk„
947 3354 1007 3406 ἰπιί
1025 3355 1072 3403 καί
1087 3367 1159 3404 τινες

82 3443 193 3511 Sauppe,
211 3442 241 3494 11.
260 3434 318 3505 όσῳ
336 3444 384 3491 καί
398 3459 424 3491 τ.
441 3468 475 3477 -
494 3441 509 3490 3
527 3439 578 3506 leg.
596 3441 668 3509 έθίφ
686 3468 720 3477 -·
737 3443 752 3490 4
770 3435 913 3493 κατέλειπε
930 3455 967 3506 pr.
1035 3434 1079 3490 19.
1101 3439 1110 3488 1
1132 3429 1159 3487 ότ

80 3526 211 3580 ((11.111.
228 3555 261 3564 -
281 3529 296 3578 2
314 3521 468 3594 ιἰδιίφ.,.ὴν
479 3539 526 3591 pr„
544 3538 608 3576 corr.
624 3526 635 3576 1
655 3552 688 3561 -
706 3516 758 3574 κᾶν
775 3539 839 3575 corr.
853 3528 876 3588 1,
894 3527 988 3590 καῖρε.
1006 3549 1041 3560 -
1057 3522 1074 3574 8
1094 3538 1159 3574 πον·

80 3604 986 3678 τοταλόντονητ,τοττ.1.2θ.1τυγχόνο.σινηι.,ιοπ.2
1009 3634 1043 3644 -
1062 3607 1078 3658 8
1095 3598 1160 3657 οὐδὲ

80 3690 450 3780 Α](1.ιούδ1ν-ριῖροτητ,
463 3687 815 3762 εοττ.1-θρασυβουλου
827 3707 873 3759 pr
892 3693 992 3743 corni.
1045 3689 1088 3743 21.
1107 3692 1159 3741 12

83 3868 151 3920 etit
170 3860 260 3933 νόμοις
280 3879 328 3917 em.
346 3863 403 3916 Ald.

1119 4064 1222 4104 a*
