2572 4476
165 230 226 290 144
516 232 624 286 mmor
642 232 725 287 ΥΠΕΡ
742 233 939 289 ΕΥΦΙΔΗΤΟΥ.
1166 254 1201 296 or.
1215 255 1246 298 12

164 403 265 487 κοινῶ
286 404 352 467 τῶν
377 401 530 491 δημοτῶν
552 407 608 471 καί
629 407 677 492 τηῖ
699 404 777 472 τότε
800 405 1030 494 δημαρχοῦντι,
1053 405 1092 483 ὃς
1114 409 1171 474 νῦν
1193 432 1245 473 τε·

166 503 345 593 τελεύτηκε,
370 503 429 573 δύο
453 506 508 596 ’ἐτη
531 510 591 574 τοῦ
614 507 788 596 διαιτητοῦ
809 505 868 595 τὴν
883 507 1017 575 δίαιταν
1040 507 1173 592 έχοντος
1189 503 1245 576 οὐκ

167 605 378 698 ἐδυνήθησαν
410 601 567 694 οὐδεμίαν
593 617 777 699 μαρτυρίαν
800 605 907 699 εὑρεῖν
929 606 975 689 ῶς
1004 607 1120 679 οὑτοσί
1144 607 1245 679 δι’λλου

165 708 257 789 τινὸς
286 712 417 801 πατρός
445 711 535 780 ἐστιν
563 702 585 800 ἢ
613 717 673 780 τοῦ
701 709 872 801 ἡμετέρου.
922 727 995 791 τοῖς
1023 713 1060 780 δέ
1090 714 1246 782 διαιτῶσι

166 821 307 902 μέγιστα
336 815 467 900 (ταῦτα)
497 829 618 904 σημεῖα
646 801 686 903 ἦν
708 819 768 883 τοῦ
790 814 983 902 ψεύδεσθαι
1008 815 1163 898 τούτους,
1191 820 1246 884 καὶ

166 916 407 1007 κατεδιῄτησαν
431 911 538 985 αὐτῶν
562 911 759 1007 ἀμφότεροι.
803 924 873 986 Καί
894 943 954 1003 μοι
976 919 1057 1004 λαβὲ
1079 922 1140 1006 τῆς
1162 944 1246 1005 ιιρο-

166 1027 264 1108 τέρας
287 1022 418 1110 διαίτης
439 1018 498 1108 τὴν
520 1027 715 1108 μαρτυρίαν.
1173 1019 1177 1027 ’

595 1127 811 1180 MAPTYPIA.

113 1233 151 1290 12
251 1221 307 1302 Ὡς
327 1226 387 1309 μέν
403 1228 586 1292 τοίνυνκαὶ
606 1225 683 1293 τότε
699 1212 813 1313 ὦφλον
828 1225 887 1313 τὴν
907 1226 1051 1307 δίαιταν,
1074 1219 1246 1314 ἀκηκόατε.

169 1323 254 1407 ἀξιῶ
277 1327 322 1409 δέ,
347 1314 373 1393 ῶ
398 1323 515 1416 ἄνδρες
539 1327 702 1409 δικασταί,
726 1321 843 1416 ῶσπερ
865 1322 960 1404 οὗτοι
981 1331 1065 1414 μέγα
1087 1321 1180 1394 τοῦτ’
1207 1319 1246 1395 ῶν
1272 1347 1284 1398 1

170 1431 301 1520 ’έφασαν
332 1428 419 1498 είναι
448 1444 584 1519 σημεῖον
615 1426 661 1508 ῶς
692 1423 749 1496 οὐκ
779 1430 869 1498 έστιν
895 1426 1127 1520 Ἡγησίππου,
1159 1429 1189 1497 εἰ
1215 1431 1247 1498 οἱ

171 1534 340 1623 διαιτηταὶ
364 1527 471 1600 αὐτῶν
495 1526 734 1623 ἆντεδιίτησαν,
758 1526 844 1601 οὕτω
865 1531 903 1601 τδ
920 1536 977 1601 νῦν
991 1529 1071 1620 ἡμῖν
1093 1537 1247 1601 τοιοῦτον
1280 1590 1284 1594 .

170 1634 257 1704 είναι
279 1636 470 1725 μαρτύριον,
501 1630 555 1705 ὅτι
585 1629 698 1725 ἆληθῆ
728 1638 873 1723 λέγομεν,
904 1635 979 1703 έιιεί
1008 1634 1126 1715 έδοξαν
1152 1629 1274 1713 αὐτοὶ,

170 1731 297 1805 ἀδικεῖν
319 1742 437 1806 τοῦτον
452 1731 634 1828 Ἀθηναῖον
656 1733 737 1805 ὄντα
758 1741 814 1805 καὶ
835 1743 956 1821 κυρίοις
972 1741 1108 1825 πρῶτον
1131 1736 1273 1824 &ma-‚a

173 1845 277 1926 ιρέντα
298 1834 435 1927 ὕστερον
459 1839 705 1926 ἐξαλείψαντες.
745 1833 799 1908 δτι
820 1841 881 1924 μέν
904 1827 961 1907 οὗν
984 1833 1130 1928 ἀδελφὸς
1152 1835 1246 1928 ἡμῶν
1267 1856 1284 1885 ²

172 1941 262 2008 ἐστιν
285 1938 400 2009 οὑτοσὶ
416 1937 604 2031 Εὐφίλητος
626 1946 682 2010 καί
704 1944 845 2031 ιιολίτης
860 1939 1026 2030 ὑμέτερος,
1049 1944 1105 2009 καί
1123 1935 1248 2019 ἀδίκως
1268 1946 1284 1969 “·

150 2038 316 2163 ,ὑβρίσθη
340 2040 407 2110 ὑπὸ
430 2048 497 2111 τῶν
520 2043 554 2110 έν
575 2049 624 2131 τῶ
648 2044 741 2134 δήμῳ
764 2045 964 2123 συστάντων,
989 2046 1108 2122 ἱκανῶς
1129 2044 1247 2128 οίομαι

168 2141 266 2230 ὑμᾶς,
289 2172 315 2212 οι
341 2141 457 2235 ἄνδρες
480 2146 643 2229 δικασταί,
668 2142 852 2238 Ιὅικηκοέναι.
1275 2153 1284 2157 ”

256 2356 280 2406 5.
299 2357 314 2406 6
333 2349 559 2419 τοτελιίτηκινΒ
582 2381 616 2392 -
640 2356 654 2404 ’ί
677 2345 870 2418 ἧδυνήθησανι
894 2367 942 2407 em.
966 2348 1043 2404 Schb.
1066 2379 1100 2390 -
1122 2351 1247 2403 9τοιῦτιι
1272 2382 1275 2387 -

172 2435 230 2486 add.
249 2436 310 2488 Rsk.
329 2466 362 2475 —
384 2440 416 2488 10
435 2432 639 2502 καταδιήτησαν
651 2435 730 2500 ΑΒΜ,
748 2432 975 2502 κατεδιὴι.τησαν
992 2437 1015 2502 (ε
1033 2451 1055 2488 s.
1067 2453 1096 2487 αι
1113 2449 1180 2503 cort.
1192 2433 1246 2500 m

171 2548 204 2557 —
223 2515 309 2571 αὐτὸν
326 2521 371 2572 Ἑλ
389 2549 422 2558 -
440 2516 536 2586 λάβετε
553 2521 619 2583 libri,
638 2517 692 2586 λαβ
708 2521 735 2570 in
754 2536 803 2574 ras.
820 2519 860 2571 M:
879 2536 927 2572 em.
940 2520 1002 2573 Rsk.
1019 2550 1054 2559 -
1073 2523 1112 2573 10.
1135 2523 1165 2574 ll
1181 2536 1245 2591 προ·

170 2606 262 2672 τέρατι
281 2621 299 2653 α
317 2619 331 2654 ε
350 2618 413 2655 corr.
431 2604 474 2656 Fl
494 2631 528 2642 -
549 2607 579 2655 12
598 2604 637 2653 tit.
655 2618 705 2653 om.
723 2603 750 2653 F.
819 2601 861 2655 12.
882 2606 894 2655 1
915 2599 1045 2671 ῶφιιλονε
1064 2619 1113 2656 em.
1131 2603 1196 2658 Rsk.
1213 2631 1246 2642 -

171 2691 186 2740 2
204 2691 272 2758 μέγα
291 2686 366 2739 Rsk.:
388 2683 459 2752 μετὰ
481 2717 515 2725 -
536 2679 612 2738 τοῦτ’
633 2680 667 2736 ἂν
692 2685 822 2738 Schoem.:
844 2686 933 2737 ταῦτα
955 2715 989 2724 -
1012 2691 1026 2739 3
1044 2687 1156 2755 ίφησοιν
1172 2688 1194 2742 F
1212 2716 1246 2728 -

169 2765 340 2842 ἧγησίππουε
365 2786 456 2823 ιοοιι.
474 2786 495 2823 s.
513 2791 529 2821 υ
546 2769 594 2821 Ml
624 2797 656 2806 -
683 2771 699 2820 4
721 2768 859 2821 τοιοῦτονε
881 2766 914 2822 τὸ
936 2762 998 2821 ar'n*
1025 2768 1107 2822 τοῦτο
1133 2771 1246 2840 Sauppe,

171 2851 336 2910 τούναντίον
349 2855 426 2910 Schb.
445 2886 479 2895 —
497 2858 512 2909 6
530 2848 663 2918 ἀθηναῖοι
676 2852 701 2905 Μ
719 2883 750 2893 -
765 2854 890 2927 πρῶτονε
909 2851 1045 2927 πρότερον
1057 2854 1162 2925 Sauppe
1175 2873 1247 2926 praem

169 2948 251 2996 ευιιῐε
268 2943 330 2998 Rsk.
348 2973 381 2982 —
400 2946 415 2995 9
434 2937 502 3009 δήμο
520 2941 539 2992 F
557 2956 604 3007 pr„
623 2934 700 3008 δῆμον
719 2957 782 2994 corr.
801 2944 824 2995 2.
