2550 4478
127 222 170 282 64
612 217 721 271 lnior
1137 230 1200 273 ουτ

128 396 318 481 κεκτημένοι
353 389 480 456 ἐλάττω
491 376 541 508 ή
581 380 677 465 οὗτος
709 390 883 472 μίσθωσιν
917 383 1082 470 λαμβάνει
1115 408 1200 471 τριη-

76 506 113 564 87
129 496 298 615 ραρχοήσι
334 497 456 572 καίτοι,
479 516 506 556 ω
491 475 715 577 ανδρες,’
680 513 738 572 ουχ
759 484 776 554 δ
801 486 913 576 πατὴρ
935 479 1028 606 αὐτῷ
1049 483 1110 573 τήν
1124 485 1200 551 πολ-

129 594 189 683 λήν
215 589 292 663 ουσί
293 621 333 662 αν
357 594 546 674 κατέλιπεν,
571 584 684 657 ἄλλΗ
666 604 762 674 υμεῖς
788 589 882 657 έδοτε
907 592 949 676 τῇ
970 587 1098 708 ψήφῳ
1124 579 1200 653 ὥστε

129 697 160 765 εἰ
182 700 236 765 καὶ
260 695 304 783 μή
328 697 471 784 πολίτης
491 680 541 783 ήν,
575 691 632 760 διά
654 717 691 778 γε
711 695 811 759 τοῦτο
838 675 1013 769 δίκαιος
993 714 1034 778 ην
1061 685 1123 774 τήν
1144 687 1200 755 πό·

131 800 184 866 λιν
213 785 249 866 εἰ
279 811 402 865 ποιεῖν.
452 794 621 885 εἰσφορῶν
649 800 762 861 τοίνυν
788 792 958 860 τοσούτων
987 794 1200 880 γεγενημένων

129 903 218 968 πᾶσι
239 913 311 978 τοῖς
331 901 490 977 πολίταις
512 896 560 976 εἰς
574 897 633 963 τὸν
648 894 797 980 πόλεμον
815 897 870 961 καὶ
894 893 953 982 τήν
969 899 1138 982 σωτηρίαν
1152 895 1201 979 τής

130 1001 264 1078 πόλεως
290 1003 509 1089 Δικαιομένης
538 991 597 1065 οὐκ
624 997 715 1065 ἔστιν
741 990 859 1084 ήντινα
887 992 1088 1083 εἰσενήνοχε·
1123 991 1201 1080 πλήν

130 1095 188 1168 ὅτε
208 1107 360 1184 Λέχαιον
390 1101 488 1182 ἑάλω,
516 1100 655 1189 κληθείς
682 1095 750 1166 ὑπὸ
773 1098 886 1186 ἑτέρου
910 1095 1077 1163 ἐπέδωκεν
1108 1095 1142 1163 ἐν
1161 1096 1201 1180 τῷ

131 1203 225 1290 δήμῳ
247 1208 442 1288 τριακοσίας
464 1201 620 1288 δραχμάς,
644 1200 781 1267 ἐ’λαττον
802 1190 1040 1288 ήΚλευίνυμος
1062 1195 1080 1266 δ
1103 1197 1202 1286 Κρής·

80 1306 187 1377 88καί
216 1308 315 1370 τοῦτο
345 1302 520 1385 ἐπέδωκεν,
550 1296 609 1370 οἰκ
637 1301 830 1389 εἰσήνεγκεν,
860 1295 935 1367 ἀλλ’
965 1294 1022 1368 ἐπ’
1050 1300 1201 1385 αἰσχίστη

132 1403 363 1492 ἐπιγράμματι
391 1403 543 1495 ἰξ(ετέθη
573 1397 674 1490 μεθ’)
702 1403 815 1491 ετέρου
849 1396 951 1470 αὐτοῦ
977 1397 1126 1487 τοίίνομα
1152 1401 1202 1485 έμ-

131 1514 287 1597 προσθεν
300 1533 368 1576 των
383 1499 621 1593 έπωνύμων,”
602 1532 656 1574 οτι
671 1505 743 1573 οἵδε
758 1504 806 1583 εἰς
821 1511 989 1594 σωτηρίαν
1003 1508 1064 1593 τῆς
1080 1504 1203 1580 πόλεως

132 1607 359 1696 υποσχόμενοι
386 1615 435 1699 τῷ
462 1610 557 1699 δήμῳ
588 1608 748 1677 εἰσοίσειν
772 1607 926 1696 χρήματα
955 1596 1184 1675 ἐθελονταὶ
1152 1628 1204 1671 ουκ

133 1712 334 1800 εἰσήνεγκαν.
378 1720 489 1781 καίτοι
515 1715 590 1790 πῶς
620 1706 731 1833 αξιον
743 1694 996 1793 θαυμάζειν,
969 1735 996 1774 ω
1020 1703 1151 1796 ἄνδρες,
1178 1703 1203 1770 εἰ

133 1812 192 1898 ἐμὲ
215 1813 468 1939 ἒξηπατησενί
467 1841 507 1881 να
529 1839 625 1895 οντα,
653 1811 692 1889 ὃς
713 1808 801 1896 ὑμᾶς
829 1804 982 1889 α’παντας
1011 1803 1082 1894 ἅμα
1105 1830 1202 1875 συνει-

134 1914 352 2000 λεγμένους’
338 1941 372 1982 εν
400 1919 441 2002 τῇ
470 1913 626 2003 ἐκκλησίᾳ
651 1917 792 1981 τοιαῦτα
821 1912 979 2002 ἐποίησε,
1005 1909 1202 1978 καὶτούτων

131 2010 211 2098 ὑμῖν
232 2015 310 2094 τοὺς
331 2015 501 2103 μάρτυρας
523 2013 724 2101 παρέξομαι.

558 2138 781 2190 ΜΑΡΤῩΡΕΣ.

81 2233 120 2291 ⁸⁹
220 2219 280 2299 Εἰς
301 2221 362 2305 μὲν
383 2217 443 2308 τήν
464 2220 566 2288 πόλιν
590 2213 676 2287 οὕτω
698 2222 755 2288 καὶ
776 2221 924 2286 τοσαῦτα
942 2218 949 2302 Ι
969 2216 1203 2305 λελειτούρμηκε

133 2327 354 2412 Δικαισγένης
377 2316 446 2390 ἀπὸ
462 2320 632 2390 τοσούτων
643 2320 837 2410 χρημάτων·
860 2322 938 2408 περὶ
963 2319 1000 2385 δέ
1012 2316 1092 2397 τοίς
1106 2337 1203 2406 προσ-

134 2424 274 2511 ήκοντας
295 2424 450 2502 τοιοῦτός
477 2425 568 2492 ἐστιν
597 2423 669 2490 οἷον
691 2419 802 2510 δρᾶτε,
831 2414 918 2488 ὥστε
938 2418 1017 2499 τοὺς
1038 2420 1100 2505 μέν
1120 2416 1202 2507 ήμῶν

23 2554 29 2560 ·
136 2517 295 2613 ἀφείλετο
322 2522 382 2611 τήν
406 2518 532 2607 αἰσίαν,
561 2517 616 2591 ὅτι
636 2523 749 2607 μεῖζον
771 2521 927 2612 ἐδυνήθη,
955 2521 1036 2600 τοὺς
1058 2522 1095 2589 δέ
1117 2545 1202 2607 περι-

137 2623 226 2712 εώρα
249 2624 297 2702 εἰς
319 2623 399 2703 τοίς
420 2623 616 2709 μισθωτοὺς
647 2623 761 2702 ἰόντας
783 2618 829 2691 δι’
855 2624 985 2693 ἐ’νδειαν
1006 2627 1075 2691 τῶν
1097 2623 1203 2709 έπιτη·

136 2724 245 2792 δείων.
289 2724 348 2813 τήν
372 2726 408 2792 δέ
429 2732 556 2816 μητέρα
579 2724 662 2813 [τήν]
686 2719 788 2794 αὐτοῦ
808 2731 1002 2816 καθημένην
1025 2725 1060 2794 έν
1088 2729 1136 2813 τηῖ
1155 2726 1203 2809 τῆς

138 2826 337 2907 Εἰλειθυίας
360 2828 440 2915 ἱερῷ
462 2827 586 2907 πάντες
609 2827 731 2917 ἑώρων,
753 2831 809 2895 καὶ
831 2828 940 2916 τούτῳ
969 2827 1169 2915 ἐγκαλοῦσαν
1188 2820 1203 2888 ἃ

85 2944 124 3001 4⁰
138 2927 200 3018 ἔγω
189 2929 415 3015 αἰσχύνομαι
431 2932 546 3019 λέγειν,
571 2925 667 3009 οὗτος
683 2930 719 2996 δέ
740 2954 850 2997 ποιων
866 2956 924 2998 ουκ
944 2924 1114 3018 Ινσχήνετο.
1148 2947 1204 2994 των

137 3027 169 3098 δ
196 3031 396 3152 ἐπιτηδείων
418 3035 563 3100 Μέλανα
591 3031 707 3117 μέν
673 3058 732 3099 τον
752 3031 957 3119 Αἰγύπτιον,
988 3025 1016 3119 ᾦ
1042 3030 1078 3099 ἐκ
1099 3056 1204 3118 μειρα-

135 3140 208 3200 κίου
232 3138 332 3222 φίλος
353 3119 403 3221 ήν,
427 3127 512 3221 ὅπερ
535 3134 634 3220 ἔλαβε
655 3160 726 3221 παρ
766 3127 868 3201 αυτοῦ
891 3127 1047 3221 αρμὺριον
1069 3127 1205 3201 ἆποστι·

138 3233 251 3320 ρήσας,
274 3233 469 3316 ἐ’χθιστός’
456 3254 544 3301 εστι·
566 3261 633 3301 των
656 3235 692 3300 δέ
715 3231 825 3302 αλλων
848 3228 950 3302 αυτοῦ
973 3237 1083 3324 φίλων
1099 3238 1133 3304 οί
1156 3233 1206 3319 μὲν

225 3492 240 3543 8
258 3483 363 3540 ἐλάττω
381 3488 407 3540 in
425 3503 477 3555 mg.
496 3493 519 3542 1.
587 3488 658 3544 822
676 3487 841 3544 κατέλιπεν
857 3521 892 3531 -
910 3495 924 3543 ’ί
945 3488 1034 3556 λοχίαν
1046 3507 1096 3545 em.
1109 3490 1168 3544 Rsk.
1180 3511 1209 3526 ⁴

140 3570 279 3630 .πίδονκιν
296 3590 343 3642 ρι’,
361 3588 424 3624 corr.
446 3578 467 3627 l.
536 3571 582 3628 38.
601 3578 616 3627 2
633 3570 828 3645 ὑπογριίμματι
845 3605 879 3614 -
903 3575 1017 3640 ἐξετέθη
1035 3569 1108 3643 μεθ’
1126 3574 1210 3644 ἑτέραν

139 3660 171 3713 de
189 3675 257 3725 meo,
275 3655 389 3724 ἐξετέθη
403 3656 530 3725 Schoem„
548 3658 663 3720 ἐξίκοιτο
675 3659 750 3715 Rsk.:
769 3660 799 3722 ίξ
810 3659 903 3730 ἑτέρου
915 3688 949 3699 -
962 3664 976 3714 3
996 3656 1054 3711 οἵδε
1065 3660 1128 3714 Bk:
1146 3654 1210 3712 εἶδεν

139 3772 173 3783 -
190 3747 207 3796 4
225 3743 355 3796 οἰσοίσιιν
372 3757 419 3808 pn,
436 3757 500 3797 corr.
521 3747 531 3795 1
553 3772 586 3782 —
605 3747 620 3797 8
637 3739 704 3812 ὑμῖν
721 3760 784 3798 corr.
806 3748 827 3808 1,
844 3737 906 3810 ὖμ..
924 3760 963 3810 pr.
1037 3743 1082 3800 39.
1104 3751 1116 3799 1
1136 3740 1211 3797 λελω-

139 3875 272 3950 τοίργησι
284 3892 330 3945 pr„
348 3845 379 3933 δε
397 3895 461 3933 corr.
479 3884 491 3932 1
510 3907 544 3916 —
563 3882 578 3932 3
595 3874 694 3950 ὁρᾶται
705 3896 753 3947 pn,
766 3883 853 3933 υσυαλ
873 3907 907 3917 -
926 3883 942 3932 4
958 3882 1064 3948 μείζων
1080 3911 1115 3919 -
1133 3884 1149 3934 6
1165 3875 1212 3942 τήν

140 3962 190 4016 del.
208 3962 281 4015 Turr.
299 3992 334 4003 —
351 3968 365 4016 ’ί
385 3961 536 4031 εἰληθνίαεε
555 3979 603 4017 em.
622 3964 716 4018 Baiter.
789 3962 835 4019 40.
854 3967 869 4016 4
888 3966 948 4016 ἐστὶ
966 3981 1030 4018 corr.
1051 3969 1074 4032 1,
1092 3985 1128 4019 ..ι
1145 3980 1180 4032 pr.
