2572 4476
110 228 152 295 38
612 227 720 281 ΙΣᾸΙΟΥ
1116 245 1150 287 01,
1160 247 1178 289 ³.
1222 219 1225 256 ί

110 414 234 521 προῖκα
256 396 395 476 ίπιδοδς
417 396 645 465 ἐκδοῦναιί
590 388 645 484 ήξί
646 419 731 464 αισεν
750 392 852 482 α’λλην.
890 388 951 463 είτ
971 394 1030 465 ἐπὶ
1052 391 1179 474 τούτοις

108 496 167 569 οὐκ
195 493 425 618 ἀγανακτήσας
453 487 703 584 εἰσήγγειλεν
681 525 722 565 αν
749 496 807 565 τὸν
827 492 956 567 Ἕνδιον
985 491 1102 582 οὗτος,·
1131 502 1181 567 ναὶ

70 601 155 687 »0μά
176 607 264 690 Δία,
286 594 370 688 είγ’
396 586 434 688 ήν
457 592 584 688 ἀληθὲς
604 596 643 666 τὸ
666 603 816 687 πρᾶγμα.
861 597 957 683 οίμαι
985 600 1021 667 δὲ
1044 592 1165 667 οὐδ”
1146 629 1181 669 αν

105 702 168 826 τήν
190 698 293 826 ἀρχήν
314 702 436 771 ἐκεῖνον
458 694 531 768 οὐδ
550 694 652 767 όλλον
674 699 733 789 [δὲ]
750 705 816 768 τῶν
825 700 1044 822 εἰσνιοιήτων
1067 696 1183 770 οόδίνα

108 799 217 887 οὕτως
239 801 354 922 εὐήθη
366 795 439 871 οὐδ
458 828 501 869 αυ
485 789 686 924 ὀλίγωρον
706 807 773 870 τῶν
796 803 906 887 νόμων
921 807 988 871 τῶν
1006 809 1184 927 κειμένωηή

109 913 301 997 γίγνεσθαι,
326 896 415 973 ὥσθ’
445 898 659 995 ὑπαρχούσης
687 911 823 994 γνησίας
850 903 1020 993 θυγατρὸς
1049 910 1100 992 τῷ
1129 905 1184 974 τόν

109 1013 229 1096 κλήρου
256 1003 478 1074 καταλιπόντι
506 1004 609 1095 ἑτέρην
644 1009 761 1076 δοῦναι
792 1007 915 1096 ταύτην
943 1000 1025 1074 ἀνθ
1056 1007 1185 1076 ἑαυτοῦ.

108 1104 254 1195 ἀκριβῶς
280 1105 343 1196 γὰρ
368 1100 444 1193 ᾔδει
471 1099 526 1175 ότι
553 1123 625 1188 τοῖς
652 1135 689 1197 γε
711 1109 746 1177 ἐκ
768 1112 827 1196 τῆς
851 1115 989 1197 γνησίας
1016 1109 1187 1198 θυγατρός

107 1214 211 1278 παισί
225 1207 394 1298 γεγονόσιν
410 1205 570 1277 ἁπάντων
584 1215 651 1278 τῶν
662 1210 846 1296 παππῴαν
861 1211 1064 1298 κληρονομία
1079 1233 1188 1298 προσ-

107 1311 190 1399 ήκει.
228 1308 300 1379 εἶτα
321 1308 421 1390 είδώς
444 1306 485 1379 όν
507 1337 559 1391 τις
575 1316 678 1379 ταῦτα
700 1310 801 1401 ἑτέρη)
823 1311 994 1400 παραδοίη
1016 1310 1059 1378 τὰ
1076 1310 1188 1394 αὑτοῦ,

70 1424 94 1479 'tl
110 1415 286 1479 καὶταῦτα
300 1415 481 1502 τηλικαῦτα
496 1409 578 1482 όντα
592 1407 681 1482 όσων
695 1409 957 1503 ἠμφεσβήτησαν
973 1407 1084 1495 οὕτως
1098 1414 1190 1482 δοκεῖ

109 1507 143 1581 δ’
169 1509 209 1581 όν
230 1538 283 1593 τις
303 1510 381 1598 ὑμῖν
404 1508 510 1596 οὕτως
533 1510 673 1604 ἀναιδής
694 1506 716 1605 ή
738 1514 903 1606 τολμηρὸς
918 1515 1114 1602 εἰσποίητος
1134 1541 1189 1600 γε·

109 1619 248 1695 νίσθαι,
278 1606 365 1684 ὥστε
392 1619 475 1708 μηδὲ
502 1618 540 1687 τὸ
573 1619 710 1687 δέκατον
738 1624 839 1708 μέρος
866 1615 1006 1696 ἐπιδοὺς
1036 1616 1189 1684 ἐκδοῦναι

108 1720 150 1805 τῇ
176 1722 296 1805 γνησίᾳ
324 1723 471 1809 θυγατρί
499 1726 565 1790 τιῦν
587 1721 773 1809 πατρηίανν,Ι
797 1725 981 1807 γενομένων
1004 1719 1040 1787 δὲ
1062 1717 1190 1785 τούτων

111 1808 243 1889 doust
221 1845 261 1884 αν
284 1814 363 1904 ὑμῖν
385 1817 402 1888 ὁ
426 1828 524 1901 θεῖος
539 1821 739 1989 επιτρέψαι,
763 1818 780 1890 ὁ
802 1821 959 1942 ἐγγυῆσαι
980 1846 1190 1910 μεμαρτυρη-

110 1918 175 1997 κώς
197 1912 300 2008 αὐτῆς
320 1921 381 2010 τήν
393 1928 548 2041 μητέρα,·
570 1922 632 2010 εγώ
655 1924 697 2008 μὲ
699 1950 716 1990 ν
737 1922 800 2011 γὰρ
816 1950 854 1991 ου
842 1916 1006 2008 νομίζω,
1031 1916 1190 1993 ἀλλὰκαὶ

108 2014 409 2145 ἠμφεσβήτησεν
387 2014 428 2090 ἂν
450 2029 509 2092 τοῦ
531 2026 651 2114 κλήρου
673 2029 730 2093 καί
746 2025 1014 2153 διεμαρτόρησε
1000 2027 1056 2092 καί
1060 2024 1191 2152 εἰσήγ-

109 2113 267 2210 γελλεν”
246 2151 286 2190 αν
314 2124 401 2211 πρὸς
429 2125 488 2195 τὸν
518 2123 669 2216 ἄρχοντα,
699 2130 755 2195 καί
778 2123 909 2199 ἄλλο’
883 2127 917 2194 εί
939 2154 973 2195 τι
994 2125 1035 2213 ήν
1058 2126 1191 2216 ἰσχυρό-

70 2233 102 2292 ⁵2
109 2248 211 2310 τερον
232 2224 368 2308 τούτων,
392 2220 516 2294 δπαντ
544 2256 585 2295 αν
606 2228 831 2350 διεπράξατο
867 2226 968 2313 ὁμὲν
988 2236 1100 2297 τοίνυν
1116 2225 1191 2297 Εν-

111 2321 231 2404 διες(
206 2352 252 2406 ως
276 2326 312 2408 ἐξ
332 2328 406 2398 όταί
393 2336 467 2418 ίρας
490 2354 592 2398 ουσαν
593 2325 783 2456 rffyytssqoev',
810 2324 850 2421 ήν
880 2352 984 2421 φησιν
1007 2323 1191 2419 ἆδελφιδήν

110 2426 305 2518 Νικόδημος
327 2428 476 2498 εἶναι
437 2451 543 2519 αυτηι
568 2426 664 2512 οὗτος
687 2430 778 2501 δὲ”
738 2459 815 2502 ουτε
828 2459 875 2520 τοι
863 2428 1002 2520 Ἐνδίιυ
1022 2457 1081 2498 του
1068 2432 1193 2552 Πύρ-

112 2555 170 2615 ρου
193 2531 314 2620 κλήρου
337 2526 594 2633 αμφισβητήσαι
620 2527 676 2622 ήξί
678 2559 771 2617 ωσεν,
803 2530 862 2603 οότ
864 2501 1103 2620 ἐγγυήσαντα
1132 2531 1193 2652 τήν

112 2626 298 2721 ἀδελφιδῆν
325 2629 401 2720 (ως)
430 2633 533 2703 οὖσαν
564 2633 600 2714 εξ
626 2635 762 2726 εταίρας
790 2635 994 2755 εἰσαγγεῖλαι
1022 2629 1110 2717 πρὸς
1131 2632 1193 2699 τὸν

112 2758 255 2856 αρχοντα
276 2729 490 2822 ήξίωσεν,>
458 2732 529 2805 οὖν’
549 2737 608 2806 επὶ
630 2743 670 2826 νή
693 2739 834 2822 δοθείση
861 2734 978 2821 προικὶ
1004 2724 1087 2816 αὐτῇ
1108 2723 1193 2818 ήγα-

112 2834 271 2956 νάκτησεν
302 2831 407 2917 ουδέν,
439 2832 524 2906 ἄλλα
553 2841 666 2909 πάντα
687 2843 792 2905 ταῦτα
821 2834 914 2901 ε’ίασε
941 2836 1112 2920 γενέσθαι.
1158 2835 1192 2901 οἱ

70 2944 99 3002 ’νδ
114 2937 209 3005 δὲ’
173 2963 272 3023 νομοι
293 2943 371 3027 περὶ
396 2937 555 3010 ἁπάντων
579 2940 761 3070 διρρίζουσι
782 2936 917 3005 τούτων.
963 2928 1192 3020 ἀναγνώσεται

114 3065 172 3107 ουν
194 3066 330 3128 πρωτον
355 3037 433 3125 ὑμῖν
461 3041 520 3131 τήν
550 3047 631 3130 περὶ
658 3044 716 3126 τής
747 3039 961 3114 ἐπιδικασίας
988 3041 1048 3105 τοῦ
1070 3038 1191 3126 κλήρου

113 3149 258 3230 μαρτυρί
259 3169 298 3210 αν
245 3142 476 3225 ίπόλιν,”
459 3169 577 3212 επειτα
598 3141 657 3230 τήν
671 3143 750 3226 περὶ
768 3145 827 3228 τής
850 3139 1031 3228 ἐγγυήσειυς
1053 3142 1112 3226 τής
1134 3164 1192 3225 γυ·

115 3243 237 3323 ναικός.
281 3238 520 3332 Άναγίγνωοκε
544 3238 668 3321 αὐτοῖς.

537 3349 766 3402 MAPTYPIAI.

113 3444 120 3452 “
200 3422 390 3515 Ἀνόγνιυθι
413 3428 451 3518 δή
475 3432 530 3496 καί
553 3429 630 3510 τοὺς
652 3430 783 3515 νόμους.

585 3536 721 3590 ΝΟΜΟΙ.

116 3666 198 3675 ιι...-

182 3739 262 3794 w
285 3735 315 3791 δι’
332 3738 382 3791 del.
401 3736 432 3789 de
451 3753 517 3805 meo,
541 3733 576 3803 δὴ
593 3737 711 3805 Sauppe,
733 3756 764 3808 γι
782 3735 860 3788 Schb.
881 3762 916 3773 -
939 3719 1008 3785 3αδ
1026 3729 1087 3781 Βίαν
1105 3725 1141 3780 ἄν
1159 3758 1195 3769 -

113 3816 221 3878 ιίαδστ1
242 3841 288 3892 pn,
307 3839 369 3877 corr.
391 3827 401 3876 1
428 3852 462 3861 —
480 3825 497 3875 6
514 3814 557 3874 ὅτι
576 3822 667 3876 Schb.:
686 3818 767 3876 διότι.
846 3819 889 3873 51.
909 3821 924 3875 ὃ
943 3813 1009 3880 δοκῆ
1028 3829 1158 3882 pr.,‚corr.
1177 3817 1194 3866 2

115 3938 149 3949 -
167 3911 183 3962 9
201 3904 245 3962 ἂν.
263 3925 301 3977 pr.
386 3905 430 3964 52.
449 3911 466 3963 4
483 3903 641 3979 ίγγυήααντ.
660 3923 706 3974 pr„
731 3907 828 3959 τοιαλ
853 3930 885 3940 -
909 3895 983 3955 υνδε
1000 3898 1058 3951 add.
1080 3897 1142 3951 Rsk.
1162 3927 1198 3937 -

114 3996 132 4047 ο
150 3987 268 4061 ἢειααα
285 3994 335 4047 del.
355 3993 431 4046 ερον.
501 3990 546 4048 ινα
565 3998 580 4047 5
601 3993 640 4047 tit.
657 3994 806 4062 μιρνυριαι
824 4002 874 4040 αα.
892 3984 954 4038 sssk.
