2550 4478
95 261 145 313 γα,
311 239 393 293 ΠΕΡΙ
409 240 473 294 ΤΟΥ
489 239 753 296 moxmnox
770 244 908 299 ΚΔΗΡΟΥ.
1114 243 1154 304 75

92 411 310 501 τελευτηνόσιν,
334 408 588 496 ἐπιγράψαντες
610 413 702 498 σφας
725 405 844 491 αύτούς
860 411 1074 499 ἐπιτρόπους,
1098 419 1152 482 καὶ

90 516 215 598 μισθοῦν
241 510 397 579 ἐκέλευον
423 508 482 578 τὸν
510 506 654 599 ἄρχοντα
681 512 760 592 τούς
782 516 893 593 οἴκους
920 512 967 594 ὦς
995 510 1154 605 ὀρφανῶν

89 612 184 696 όντων,
206 607 305 692 ὅπως
328 611 390 680 ἐπὶ
410 624 482 691 τοῖς
503 613 632 680 τούτων
654 607 799 700 ὀνόμασι
812 615 856 683 τὰ
878 617 938 699 μὲν
953 624 1152 707 μισθωθείη

87 722 130 808 τῆς
148 711 282 797 οὐσίας,
311 713 357 781 τὰ
386 714 425 781 δὲ
452 708 695 802 ἆποτιμήματα
715 723 945 805 κατασταθείη
968 721 1024 784 καί
1050 712 1152 805 όροιί

84 825 201 887 τεθεῖεν
228 818 355 898 ζῶντος
383 814 434 883 ἢν
459 819 520 882 τού
543 812 769 906 Εὐκτήμονος,
798 821 975 904 μισθωταὶ
999 819 1035 885 δέ
1058 814 1151 888 αὐτοὶ

85 921 237 1009 γενόμενοι
258 916 323 996 τὰς
344 916 537 1006 προσόδους
559 919 770 1004 λαμβάνοιεν.
807 923 863 987 καὶ
886 918 1003 1009 ἐπειδὴ
1018 925 1153 1009 πρῶτον
1169 934 1205 991 87

84 1022 114 1090 τύ
132 1020 334 1110 δικαστήρια
356 1016 556 1110 ἐπληρώθη,
587 1017 605 1088 o‘
628 1022 689 1105 μέν
712 1017 821 1110 ἅρχων
847 1022 1096 1110 προικήρυττεν,
1120 1026 1153 1090 οἱ

84 1118 108 1191 δ’
122 1123 338 1210 ἐμισθοῦντο.
375 1116 641 1208 παραγενόμενοι
663 1124 701 1189 δέ
718 1148 806 1201 τινες
829 1123 1060 1210 ἐξαγγέλλουσι
1080 1139 1153 1204 τοῖς

83 1226 205 1304 οἰκείοις
226 1225 288 1313 τήν
304 1222 497 1311 ἐπιβουλήν,
519 1227 576 1290 καλ
598 1223 757 1303 ἐλθόντες
772 1224 944 1313 ἐδήλωσαν
959 1226 996 1294 τὸ
1013 1231 1152 1315 πρᾶγμα

82 1342 138 1407 τοῖς
151 1328 345 1411 δικασταῖς,
368 1327 425 1391 καί
440 1317 546 1403 ούτως
568 1319 871 1417 ἀπεχειροτόνησεν
887 1330 919 1395 οἱ
936 1329 1089 1396 δικασταὶ
1105 1329 1150 1416 μή

50 1486 53 1517 ,
82 1433 218 1514 μισθοῦν
240 1427 321 1507 τούς
342 1427 469 1504 οἴκους·
492 1425 523 1492 εἰ
546 1421 577 1492 δ’
596 1427 729 1510 ἔλαθεν,
754 1423 934 1496 όιπωλώλει
950 1421 1015 1515 [όν]
1032 1421 1151 1495 ἅπασα

50 1522 96 1619 Ι’ή
112 1526 218 1599 ούσία.
264 1535 336 1597 Καί
355 1553 417 1614 μοι
438 1527 532 1595 κάλει
552 1526 631 1607 τούς
652 1534 942 1616 παραγενομένους
970 1529 1149 1616 μάρτυρας.

496 1649 720 1702 ΜΑΡΤῩΡΕΣ.

150 1736 242 1820 Πρὶν
265 1731 327 1815 μὲν
348 1736 460 1797 τοίνυν
473 1730 613 1809 τούτους
633 1736 796 1817 γνωρίσαι
811 1729 871 1817 τήν
887 1726 1072 1818 ἅνθρωποι
1093 1734 1147 1797 καὶ
1163 1745 1200 1804 88

78 1828 140 1917 μετ’
158 1835 287 1923 ἐκείνης
309 1831 549 1918 ἐπιβουλεῦσαι
564 1826 760 1919 Εὐκτήμονι,
784 1825 871 1900 ούτω
887 1831 1015 1921 πολλήν
1034 1826 1151 1899 οὐσίαν

79 1936 220 2027 ἐκέκτητο
244 1929 425 2021 Εὐκτήμων
453 1932 538 2019 μετὰ
566 1937 626 2000 τοῦ
654 1934 743 2013 υἱέος
767 1934 1032 2023 Φιλοκτήμονος,
1064 1927 1150 2001 ὥστε

80 2030 139 2123 ύμα
160 2062 198 2104 τε
218 2035 263 2103 τὰ
284 2041 427 2123 μέγιστα
454 2031 533 2120 ύμῖν
563 2035 763 2123 λειτουργεῖν
787 2031 996 2127 ἀμφοτέρους
1024 2041 1092 2104 ταῖν
1113 2062 1149 2102 τε

78 2137 214 2227 λρχαίων
242 2138 347 2227 μηδὲν
376 2140 555 2225 πραθῆναι
580 2140 647 2204 τῶν
674 2162 711 2204 τε
738 2138 917 2225 προσόδων
946 2150 1148 2225 περιποιεῖν,

78 2234 153 2309 όόστε
167 2237 224 2308 όιεί
245 2264 280 2307 τι
301 2242 558 2326 προσκτᾶσθαι·
582 2237 700 2326 ἐπειδή
725 2233 759 2305 δ’
778 2238 968 2327 ἐτελεύτησε
985 2236 1149 2321 Φιλοκτή-

76 2368 146 2426 μων,
170 2335 258 2410 ούτω
283 2342 420 2429 διετέθη
442 2336 462 2428 ή
493 2332 608 2422 ούσία,
636 2333 722 2406 ὥστε
743 2343 810 2406 των
833 2334 979 2427 ἇρχαίων
1000 2338 1088 2428 μηδὲ,
1106 2336 1150 2404 τὰ

76 2441 188 2532 ἡμίσεα
203 2441 293 2512 εἶναι
308 2440 414 2510 λοιπόν
436 2443 492 2507 καλ
506 2439 568 2519 τὰς
582 2441 772 2525 προσόδους
788 2437 925 2520 ἆπόσας
944 2435 1148 2531 ἠφανίσθαι.

76 2549 123 2613 καὶ
143 2539 222 2614 ούδέ
248 2548 357 2611 ταῦτα
385 2542 556 2632 ἐξήρκεσεν
579 2536 693 2620 αὐτοῖς
715 2543 937 2632 διαφορῆσαι,
967 2531 993 2609 ὦ
1021 2539 1147 2628 ἄνδρες,
1162 2560 1200 2616 39

78 2641 139 2714 ἄλλ’
158 2644 279 2735 ἐπειδὴ
302 2649 360 2713 καὶ
381 2643 592 2732 ἐτελεύτησεν
614 2639 839 2732 όΓεύκτήμων,
864 2646 912 2724 είς
926 2650 1024 2712 τοῦτο
1040 2632 1149 2733 ήλθον

76 2747 189 2838 τόλμης
211 2740 295 2814 ὥστ’
315 2745 439 2815 ἐκείνου
461 2749 613 2830 κειμένου
636 2744 730 2814 ἐ’νδον
745 2745 823 2825 τούς
845 2748 905 2831 μέν
921 2748 1050 2824 οἰκέτας
1069 2745 1149 2835 ἐφύ-

79 2850 202 2932 λαττον,
234 2841 332 2926 ὅπως
365 2848 483 2936 μηδεὶς
512 2845 710 2933 ἐξαγγείλειε
738 2848 820 2936 μήτε
848 2862 920 2914 τοῖν
947 2851 1150 2931 θυγατέροιν

79 2950 149 3039 μήτε
174 2954 219 3040 τῇ
245 2951 376 3036 γυναικί
405 2943 507 3015 αύτού
535 2947 619 3035 μήτε
640 2952 707 3014 τῶν
725 2946 861 3027 ιοἰκείων
883 2948 1017 3036 μηδενί,
1048 2943 1090 3011 τὰ
1114 2946 1149 3011 δὲ

78 3053 219 3142 χρήματα
247 3051 389 3118 ἐ’νδοθεν
417 3048 661 3138 ἐξεφορήσαντο
690 3048 774 3133 μετὰ
803 3053 863 3137 τής
893 3043 1078 3136 ύνθριύπου
1102 3047 1150 3126 εἷς

79 3152 126 3241 τήν
145 3151 327 3239 ὁμότοιχον
351 3151 468 3231 οἰκίαν,
491 3150 531 3238 ἢν
554 3147 633 3238 η’ύκει
654 3156 915 3235 μεμισθωμένος
943 3149 992 3229 εἷς
1012 3149 1149 3230 τούτων,

81 3245 269 3343 Ἀντίδωρος
296 3251 429 3331 ἐκεῖνος.
479 3255 534 3319 καὶ
565 3247 638 3319 οὐδ’
665 3252 781 3340 ἐπειδή
811 3251 932 3339 ἑτέρων
955 3252 1150 3338 πυθόμεναι
1164 3270 1202 3324 40

82 3339 174 3439 ἦλθον
204 3358 242 3425 αἱ
269 3360 454 3441 θυγατέρες
482 3348 583 3421 αύτοῦ
611 3356 668 3420 καὶ
695 3350 714 3440 ἡ
744 3353 838 3440 γυνή,
869 3347 945 3420 ούδὲ
967 3355 1044 3423 τότε
1073 3357 1150 3422 ε’ίων

151 3561 197 3617 86.
218 3567 232 3614 5
251 3558 377 3628 μισθα..
389 3575 435 3626 pn,
454 3564 544 3612 corni
567 3588 597 3596 —
617 3562 632 3610 6
650 3556 849 3611 κατασταθεῖ..
868 3576 915 3627 ηε,
928 3564 1018 3612 εοπ.1
1039 3586 1071 3596 -
1092 3554 1151 3610 τότ’

85 3638 148 3698 αύτοί
164 3646 309 3706 Μυαίταετ,
330 3636 408 3695 αύτοὶ
425 3643 497 3696 Dbr.:
521 3638 559 3694 δι’
580 3638 672 3695 αὐτοῦ.
763 3640 805 3697 θλ.
825 3647 840 3695 2
859 3641 1082 3711 προσ.κη’ρυττεν
1104 3659 1151 3711 με,

84 3735 159 3784 comi
180 3759 214 3770 -
233 3733 250 3782 6
268 3722 418 3780 ἀπολύλιιε
437 3744 486 3782 em.
499 3727 576 3781 Schb.
595 3755 629 3765 —
646 3722 682 3777 ἂν
694 3743 715 3781 s.
731 3745 756 3780 v.
772 3731 798 3779 1:
818 3727 867 3778 del.
886 3726 917 3777 δυ
935 3741 1001 3776 meo.
1069 3724 1150 3783 882

82 3805 210 3866 demin
228 3828 281 3880 mg.
303 3817 313 3865 l
334 3841 366 3852 -
385 3816 402 3865 4
419 3809 501 3864 τότε
518 3812 586 3864 Fuhr
603 3840 636 3849 —
653 3830 684 3862 τε
701 3820 761 3863 ante
781 3806 903 3878 ἀρχαίων
921 3810 948 3859 in
965 3824 990 3860 υ.
1009 3807 1065 3862 εδδ.
1087 3816 1098 3864 1
1118 3840 1151 3850 -

82 3891 270 3968 δήφανῆσθαι
282 3912 320 3964 pr.
382 3894 428 3952 8⁹.
446 3900 461 3949 2
480 3898 508 3949 ίί.
528 3902 624 3962 ίτεαερ.
642 3898 688 3946 καὶ
701 3891 716 3946 ό
729 3888 811 3945 Εύντ.
830 3889 1012 3956 ἐτελεύτησεν.
1076 3894 1150 3949 um

79 3987 131 4034 ante
148 3977 212 4034 οὐδὲ
229 3985 282 4032 tres
299 3981 348 4033 litt.
366 3995 430 4033 ems.
449 4009 480 4020 -
500 3979 565 4032 τίων
583 3980 715 4044 Ηίεεείόρ,
731 3973 830 4047 ἠφίουν
848 3976 951 4043 δίεμαι
968 3970 1077 4043 ἠφίειν
