2572 4476
83 243 117 295 lll
522 239 716 294 Paterculo.

83 394 264 459 simillimum
280 402 414 456 correcta
434 404 513 470 sunt,
530 405 631 459 uotam
647 415 675 474 q.
691 415 717 456 e.
733 397 757 457 Α
774 397 874 476 (corr.)
894 400 921 459 1.
951 395 1047 457 Pauca
1064 415 1160 474 quae-

83 494 160 568 dam,
175 511 250 572 quae
263 501 393 554 nontam
409 495 514 556 ssavum
526 512 614 572 quam
626 493 750 554 rubrum
766 493 896 555 colorem
911 512 983 574 prae
998 513 1030 555 se
1045 495 1160 568 lerunt,

83 594 259 656 lernstedtio
279 602 441 673 praeeunte
463 592 557 653 eidem
585 590 685 669 potius
706 592 869 652 correctori
894 610 982 670 quam
1004 591 1088 651 alteri
1116 592 1160 652 illi

83 691 213 752 attribui.
241 690 298 751 Ubi
309 709 429 752 rasurae
441 690 573 769 expletae
585 706 646 748 nou
659 697 737 761 sunt,
754 696 787 748 ut
801 688 930 748 discerni
942 698 1079 766 nequeat,
1091 698 1162 749 utra

82 807 188 849 manus
209 788 387 861 correxerit,
410 788 438 848 id
461 795 530 847 nota
547 804 575 864 q.
591 803 616 845 e.
632 785 656 845 Α
672 802 749 846 corr.
765 784 900 846 indicavi.
937 786 960 846 Α
976 804 1022 864 pr.
1034 804 1162 846 manum

81 886 207 966 primam
222 886 377 966 siguificat,
393 903 468 964 quae
483 882 623 944 omnibus
637 882 711 942 locis
725 900 781 961 pro
796 883 990 943 fundamento
1007 884 1089 962 quasi
1104 885 1162 944 ha-

82 982 179 1045 b'enda
195 993 248 1058 est,
264 984 295 1043 iu
311 1001 372 1061 quo
388 1000 435 1042 ars
450 981 552 1042 critica
563 980 660 1040 omnis
676 979 796 1040 nitatur.
820 979 940 1041 Manum
956 981 1034 1041 illam
1050 1000 1162 1042 recen-

82 1081 233 1155 tissimam,
255 1098 330 1158 quae
353 1079 389 1138 ad
411 1097 454 1138 or.
469 1077 493 1136 V
509 1081 544 1152 §d
560 1081 610 1151 11,
628 1078 677 1151 16,
693 1080 744 1150 25,
761 1078 801 1140 34
818 1077 896 1155 (bis),
914 1079 964 1151 36,
982 1081 1031 1152 38,
1047 1082 1099 1153 41,
1116 1083 1161 1144 43

82 1180 113 1239 iu
129 1178 263 1256 margine
278 1175 443 1254 adscripsit,
466 1174 537 1254 quid
552 1175 582 1235 iu
605 1175 681 1235 libro
704 1175 831 1254 quodam
852 1175 997 1255 impresso
1016 1171 1076 1253 (εἰς
1098 1173 1162 1241 τὸν

81 1272 200 1352 τύπον)
215 1276 339 1353 legatur,
362 1291 424 1334 uon
445 1271 539 1350 magis
554 1290 664 1345 moror,
688 1289 775 1350 quam
791 1290 869 1347 eum,
891 1272 941 1352 qui
957 1272 992 1333 ad
1008 1275 1026 1347 ξ
1041 1275 1080 1336 31
1098 1278 1163 1354 μὲ-

83 1373 290 1457 μακτηρινῖνι
313 1372 343 1432 iu
359 1370 492 1448 margine
507 1365 662 1448 adscripsit
677 1365 880 1453 ἰανοναρίον.

91 1510 94 1515 -
168 1470 292 1549 Signum
303 1495 335 1532 m
352 1469 383 1529 in
399 1466 532 1545 margine
547 1467 686 1545 positum,
702 1485 761 1545 quo
776 1467 879 1529 vitium
894 1469 1017 1531 indicari
1032 1470 1161 1545 videtur,

80 1566 127 1628 bis
142 1567 277 1647 repperi,
296 1567 376 1627 iuxta
391 1584 493 1626 versus
508 1564 521 1625 l
536 1567 576 1628 26
592 1561 652 1645 μὲν
675 1557 721 1638 ὥς
743 1558 866 1642 ἐκεῖνος
880 1602 923 1612 -
938 1568 1026 1631 πᾶσι
1047 1564 1159 1652 δήπου

81 1672 110 1724 et
132 1662 214 1727 1122
236 1660 379 1746 σάμενος
400 1654 501 1726 ἄλλον
515 1697 557 1707 -
571 1658 634 1747 γὰρ
658 1653 764 1737 οὗτος.
799 1663 932 1743 Utroque
953 1665 1019 1727 loco
1040 1665 1073 1726 ab
1093 1664 1116 1724 Α
1136 1670 1152 1727 1

83 1762 263 1841 adscriptum
279 1771 339 1834 est,
360 1761 432 1821 item
446 1759 578 1821 sedecies
593 1760 624 1820 iu
640 1759 800 1821 Andocidis
816 1762 1009 1825 orationibus
1035 1763 1070 1824 ln
1085 1762 1157 1824 reli-

82 1860 148 1936 quis
164 1877 311 1936 nusquam
327 1857 452 1918 enotavi.

169 1954 264 2016 Voces
286 1954 448 2034 permultas
469 1953 506 2014 ab
524 1954 548 2014 Α
563 1972 609 2033 pr.
632 1952 754 2014 omissas
775 1962 959 2017 correctores
979 1957 1159 2019 addiderunt

82 2051 178 2113 autin
194 2051 328 2130 margine
349 2051 392 2128 (iu
407 2053 479 2130 mg.)
494 2084 537 2096 -
552 2050 641 2128 idque
661 2069 715 2110 suo
730 2051 806 2123 loco,
827 2052 882 2113 nisi
898 2052 968 2132 quid
984 2053 1062 2113 aliud
1077 2054 1158 2115 indi-

85 2149 147 2209 cavi
162 2182 204 2194 -
219 2157 270 2210 aut
284 2167 374 2228 supra
388 2167 506 2210 versum
527 2150 561 2226 (s.
577 2149 617 2225 v.)
638 2155 688 2208 aut
703 2149 733 2207 in
749 2167 836 2210 versu
851 2149 915 2211 sine
930 2168 1032 2212 rasura
1048 2150 1090 2226 (in
1106 2153 1157 2228 n).

83 2246 239 2307 Praeterea
253 2247 277 2307 Α
292 2251 306 2311 1
325 2245 389 2307 eius
404 2246 484 2306 modi
496 2263 582 2306 voces
596 2243 674 2305 haud
690 2263 757 2305 raro
772 2245 812 2305 ita
827 2245 945 2320 addidit,
962 2257 994 2309 ut
1009 2256 1158 2310 extremas

80 2343 239 2404 verborum
261 2342 386 2424 syllabas
406 2344 443 2404 ab
465 2343 488 2403 Α
507 2361 553 2422 pr.
575 2342 699 2420 scriptas
719 2343 852 2404 eraderet
874 2353 903 2405 et
923 2363 1014 2423 supra
1035 2363 1157 2407 versum

80 2448 218 2519 poneret,
234 2439 341 2500 deiude
356 2441 450 2520 spatio
466 2448 532 2501 orto
548 2457 600 2499 sua
615 2439 790 2500 intruderet.
817 2440 879 2501 llos
894 2441 976 2503 locos
990 2442 1157 2504 litterarum

80 2555 230 2598 erasarum
246 2555 371 2597 numero
388 2556 451 2598 nou
472 2536 570 2597 addito
585 2536 723 2615 insignivi
746 2544 815 2598 uota
832 2556 859 2616 q.
876 2557 901 2598 e.
917 2539 948 2599 in
970 2559 1027 2602 ras.
1043 2539 1108 2601 add.
1127 2547 1157 2605 1.

79 2633 190 2695 Extant
205 2641 303 2695 autem
319 2635 376 2695 illis
395 2633 469 2694 locis
490 2633 585 2712 prima
606 2650 696 2694 manu
718 2635 828 2714 scripta
842 2633 929 2695 haec:
951 2635 978 2697 ll
996 2640 1044 2711 19,
1061 2640 1080 2699 7
1096 2634 1157 2701 τὸν

79 2727 116 2794 ἓν
126 2778 205 2795 .....
213 2727 252 2794 do
266 2727 329 2815 γάρ
345 2765 387 2775 -
401 2730 442 2791 lll
458 2732 509 2805 71,
526 2732 544 2794 3
561 2724 796 2811 turpatum..
811 2731 872 2794 τοῦ
887 2765 927 2775 -
947 2736 996 2807 74,
1013 2735 1157 2798 53ε1ων
1199 2780 1201 2788 .

78 2851 128 2891 τι.
139 2877 147 2892 .
157 2877 165 2892 .
175 2828 222 2892 ῶν
234 2829 290 2892 νῦν
306 2863 348 2874 -
362 2827 400 2888 lv
413 2832 441 2902 1,
454 2830 473 2890 9
490 2824 650 2891 δοκεῖ
664 2823 812 2891 ἱκανὰ-
827 2829 983 2912 period..
995 2827 1157 2915 τεκμήρια

78 2923 273 2998 -7,1νού
389 2914 515 3010 γνοίην>
535 2958 573 2968 -
598 2929 647 3000 14,
664 2927 682 2988 6
704 2923 944 3010 κνρί..κελεύει
964 2961 1006 2974 -
1026 2927 1050 2986 V
1068 2930 1117 3002 11),
1135 2933 1155 2992 5

77 3019 215 3106 yero'per
225 3071 301 3087 .....
310 3023 377 3086 τῶν
393 3024 588 3108 καθημέραν
599 3022 690 3083 -Vl
703 3025 752 3097 30,
765 3026 784 3085 4
797 3014 936 3108 εὗκτήμο
1003 3020 1065 3100 τὰς
1075 3027 1155 3108 θνγ.

79 3150 118 3163 ·-
143 3119 194 3181 Vll
211 3123 298 3194 40,2
322 3118 519 3203 λειτουργί..
544 3115 625 3194 ἐξελ.
649 3153 686 3164 -
711 3118 777 3180 Vlll
800 3122 884 3194 15,3
908 3117 964 3183 οἷα
985 3118 1047 3206 γὰρ
1069 3118 1154 3187 εἰ...

78 3215 178 3279 υἱέων
193 3250 235 3260 -
250 3216 290 3276 lll
306 3221 335 3289 7,
353 3219 371 3279 6
387 3212 533 3301 ἓποιήσα
546 3264 570 3279 ..
583 3211 645 3301 γὰρ
669 3252 710 3262 -
734 3216 772 3276 ΧΙ
789 3217 840 3290 49,
856 3218 875 3280 3
890 3240 942 3282 τ..
957 3220 1072 3283 ταῦτα.
1110 3221 1154 3281 cf.

77 3313 113 3372 ad
136 3310 242 3387 11174,
260 3314 295 3387 3;
318 3311 453 3390 175,6;
483 3312 687 3388 V11138,10;
715 3312 1035 3391 X120,4;x138‚3
1061 3316 1155 3401 (περὶ

76 3408 144 3488 τῶν
160 3427 218 3468 cm.
234 3427 280 3487 pr.
287 3407 324 3486 1).
355 3410 445 3471 Omisi
461 3411 541 3489 quod
556 3408 597 3469 lll
614 3413 664 3482 11,
683 3415 697 3472 1
716 3410 829 3472 litterae
844 3402 927 3474 καθ’
948 3407 1085 3475 ἕκαστον
1102 3410 1154 3476 διε

77 3506 109 3567 lu
125 3524 229 3567 rasura
244 3506 371 3586 scriptae
385 3516 465 3581 sunt,
479 3506 529 3566 hic
542 3506 621 3567 enim
634 3526 695 3567 non
711 3507 824 3568 litterae
836 3509 888 3569 sed
904 3511 1006 3570 sordes
1021 3521 1154 3572 remotae

78 3602 226 3664 videntur.

164 3700 301 3763 Ceterum
313 3701 399 3761 etiam
412 3701 443 3761 in
455 3700 646 3761 adnotatione
657 3701 820 3763 litterarum
832 3722 982 3765 erasarum
994 3721 1153 3766 numerum

77 3798 197 3876 punctis
209 3799 333 3860 iudicavi
340 3818 349 3874 ;
365 3799 401 3860 iis
412 3807 511 3860 autem
522 3815 597 3876 quae
609 3797 652 3876 (iu
664 3797 768 3876 primis
777 3820 828 3862 sex
840 3801 1036 3877 orationibus)
1048 3800 1079 3860 in
1090 3802 1151 3862 line

77 3895 260 3976 singularum
271 3897 524 3976 paragraphorum
535 3893 630 3973 posita
641 3904 721 3970 sunt,
738 3898 810 3959 haec
822 3898 864 3959 vis
876 3916 938 3958 non
949 3898 1037 3958 inest.
1064 3896 1151 3968 Quod

77 3992 125 4052 hic
136 3992 194 4053 illic
210 3993 276 4054 loco
287 4011 394 4054 vocum
406 4011 435 4071 q.
447 4012 470 4054 s.
483 4010 599 4070 „usque
614 3992 670 4054 ad“
683 3994 776 4055 ternis
791 3995 910 4074 punctis
922 4014 994 4056 usus
1005 4013 1080 4066 sum,
1097 4014 1152 4056 ue·
