2572 4476
159 213 200 276 76
645 217 755 272 umor
1167 237 1200 279 οι.
1214 237 1252 281 ι,

159 387 315 471 εἰσιέναι,
339 378 413 452 ἄλλ’
441 378 643 454 ἀπέκλεισαν
664 390 706 473 τῇ
728 386 834 474 θόρηι,
862 384 1047 473 φάσκοντες
1069 379 1107 453 οὐ
1130 411 1243 477 προσ·

158 488 248 574 ήκειν
272 481 389 566 αὐτοῖς
410 481 560 554 θάπτειν
575 481 786 575 Εὐκτήμονα·
809 490 866 555 καί
888 481 960 554 οὐδ’
979 486 1150 554 εἰσελθεῖν
1167 486 1237 555 έδό·

107 599 143 654 41
161 614 269 670 ναντο,
293 589 324 656 εἰ
345 587 389 676 μή
412 588 510 673 μόλις
537 590 693 677 καὶπερὶ
716 585 812 672 ἡλίου
835 588 972 673 δυσμάς.
1019 587 1238 658 εἰσελθοῦσαι

160 689 444 776 δὲ’κατέλαβον
430 705 553 759 εκεῖνον
579 689 640 775 μὲν
670 688 764 756 ἔνδον
792 696 941 775 κείμενον
963 688 1219 778 δευτεραῖον(
1195 716 1239 772 ως

160 791 291 881 έφασαν
314 794 347 859 οἱ
369 791 511 874 οἰκέται,
541 790 583 858 τὰ
606 785 683 858 δ”
669 816 704 858 εκ
715 795 784 911 τῆς
806 786 957 870 οἰκίας’
936 818 1071 858 απαντα
1094 817 1241 882 εκπεφο-

160 890 317 1014 ρημένα“
300 893 367 961 υπὸ
382 893 520 961 τούτων
559 921 595 961 αι
584 879 729 978 ‘pbr
692 919 749 961 ουν
764 908 964 978 χυναῖκες,ο
946 893 1069 961 αἶαν’
1040 892 1138 972 εικός,
1161 895 1240 980 περί

159 995 218 1062 τόν
233 981 519 1083 τετελευτηκότα
499 1014 600 1082 ησαν·
624 989 718 1063 οὗτοι
733 996 770 1063 δὲ
779 1010 851 1074 τοῖς
863 988 1118 1083 άκολουθήσασι
1127 1020 1241 1084 παρα-

157 1101 268 1186 χρῆμα
297 1095 531 1163 ἐπεδείκνυσαν
560 1095 603 1164 τὰ
632 1093 774 1165 ένδον(
748 1122 795 1175 ως
817 1094 897 1183 εἶχε,
926 1100 982 1165 και
1003 1096 1083 1175 τούς
1109 1097 1241 1178 οἰκέτας

159 1190 333 1284 πρῶτον)
315 1195 454 1285 ηριότων
477 1195 626 1265 ἐναντίον
647 1192 817 1267 τούτων”
798 1224 865 1287 οπη
888 1202 1097 1287 τετραμμένα
1124 1199 1177 1289 εἰη
1200 1198 1241 1266 τά

109 1305 145 1361 42
157 1296 321 1386 χρήματα.
359 1298 521 1385 λεγόντων
544 1292 576 1364 δ’
596 1296 728 1368 ἐκείνων
743 1293 796 1367 ότι
816 1294 910 1369 οὗτοι
932 1299 1159 1390 ἐξενηνοχότος
1175 1300 1240 1371 εἶεν

160 1399 209 1478 εἰς
229 1398 290 1489 τήν
311 1401 457 1488 πλησίον
479 1398 598 1482 οἰκίαν,
619 1404 675 1468 καί
702 1395 885 1480 ἀξιούντων
906 1406 1112 1491 παραχρῆμα
1134 1405 1242 1473 ταῖνδε

161 1504 278 1591 φωρᾶν
300 1499 384 1568 κατὰ
406 1501 465 1570 τὸν
487 1501 588 1585 νόμον
610 1506 667 1569 καὶ
681 1500 760 1581 τούς
774 1502 904 1581 οἰκέτας
926 1503 1146 1583 ἰξαιτούντων
1161 1506 1242 1585 τούς

161 1602 420 1693 ἰκφορήσαντας,
444 1598 502 1671 οὐκ
523 1597 696 1694 ἠθέλησαν
716 1609 784 1673 τῶν
806 1607 943 1674 δικαίων
967 1599 1062 1673 οὐδὲν
1084 1611 1241 1695 ποιήσαι.

161 1709 229 1772 Καὶ
251 1699 305 1773 ὅτι
327 1699 440 1795 άληθή
463 1707 557 1792 λέγω,
580 1708 661 1791 λαβὲ
682 1710 779 1774 ταυτὶ
800 1710 856 1775 καί
879 1701 1061 1795 άνάχνωθι.

584 1811 813 1865 MAPTYPIAI.

109 1901 148 1956 43
251 1893 406 1957 Τοσαῦτα
435 1889 495 1973 μὲν
522 1897 633 1958 τοίνυν
651 1892 806 1982 χρήματα
828 1893 863 1961 ἐκ
882 1898 941 1983 τής
970 1894 1078 1972 οἰκίας
1099 1889 1240 1984 ἐκφορή-

162 2012 287 2071 σαντες,
311 1989 474 2079 τοσαύτης
503 1984 536 2058 δ’
563 1985 680 2072 οὐσίας
702 2000 919 2085 πεπραμένης
942 1994 1003 2084 τήν
1024 1993 1124 2084 τιμήν
1147 1995 1240 2079 έχον-

160 2116 225 2173 τες,
248 2091 298 2160 ότι
321 2091 356 2158 δὲ
377 2089 439 2171 τὰς
461 2092 651 2181 προσόδους
672 2093 733 2174 τάς
756 2095 789 2164 ἐν
812 2095 925 2185 ε’κείνιμ
947 2103 996 2185 τῷ
1014 2098 1123 2187 χρόνῳ
1145 2122 1239 2185 μενο-

161 2199 263 2279 μένας
297 2194 578 2286 διαφορήσαντος,
616 2197 746 2265 οἰονται
779 2201 835 2266 καί
867 2225 934 2266 των
967 2201 1096 2267 λοιπων
1105 2199 1239 2321 κήριοι

161 2297 381 2399 γενήσεσθαι·
404 2301 461 2366 καὶ
483 2298 532 2376 εἰς
552 2304 650 2368 τοῦτο
674 2293 805 2370 άναιδεί
792 2308 846 2381 αίς
866 2294 1011 2391 ήκουσιν,
1034 2295 1114 2369 ὥστ
1136 2295 1239 2368 εὐθυ-

163 2390 253 2488 δικίηι
280 2402 341 2484 μὲν
370 2393 428 2466 οὐκ
461 2399 646 2568 ετόλμησαὲν
675 2402 851 2486 εἰσελθεῖν,
887 2397 971 2471 άλλὰ
1001 2401 1239 2491 διεμαρτύρουν

162 2523 208 2576 ως
229 2496 314 2586 ὑπὲρ
336 2508 480 2588 γνησίων
503 2495 573 2586 άμα
593 2503 710 2585 μὲντά
735 2499 887 2623 ψευδή’
866 2531 935 2623 αμα
958 2498 1048 2571 δὲ
1010 2529 1132 2571 ταναντ
1135 2503 1237 2584 ίαολς

103 2611 146 2667 44
163 2593 256 2667 αὐτοὶ
281 2599 499 2686 ἔπραξαν(
470 2602 591 2680 οιτινες
612 2601 699 2687 πρὸς
719 2602 830 2685 μὲν
794 2629 853 2670 τον
876 2599 1021 2723 ἄρχοντα
1033 2596 1239 2689 ἀπέγραψαν

162 2694 281 2779 αὐτοὺς
303 2696 349 2778 ὥς
378 2697 478 2780 δντας
500 2699 558 2767 τὸν
585 2702 646 2786 μὲν
629 2699 850 2789 νἩχήμονος
870 2701 929 2769 τὸν
957 2696 990 2767 δ’
1011 2696 1239 2868 Ἐρραμένους,

161 2805 218 2870 νῦν
241 2802 277 2869 δὲ
300 2803 643 2905 διαμεμαρτυρήκασιν
666 2796 875 2890 Εὐκτήμονος
896 2799 992 2870 εἶναι.
1025 2807 1135 2870 καίτοι
1159 2799 1236 2874 οὐδ’

162 2903 192 2972 εἰ
218 2905 350 2995 γνήσιοι
376 2905 471 2996 ήσαν,
502 2903 692 2996 εἰσποίητοι
720 2903 771 2986 δέ,
801 2929 848 2984 ως
876 2898 970 2974 ουτοι
994 2904 1134 3028 ἐἠνασαν,
1158 2902 1235 2975 οὐδ’

161 3001 267 3130 οήτως
294 3013 460 3099 προσῆκεν
489 3000 608 3086 αὐτοὺς
638 3001 848 3092 Εὐκτήμονος
876 3004 1026 3075 ελναι·“
1008 3007 1111 3096 ομὰρ
1134 3007 1238 3128 νόμος

161 3105 220 3178 οὐκ
241 3109 281 3200 εᾷ
303 3108 493 3192 ἐπανιέναι,
524 3107 581 3176 ἰὰν
602 3108 648 3198 μή
670 3106 745 3176 υιδν
766 3111 934 3199 καταλίπῃ
956 3110 1101 3198 γνήσιον.
1149 3102 1239 3181 ὥστε

160 3215 216 3278 καὶ
244 3205 336 3290 ἒξ
309 3237 354 3278 ων
383 3205 479 3278 αὐτοὶ
507 3203 701 3297 έπραξαν
683 3209 804 3299 ανάγκη
835 3208 894 3299 τήν
919 3217 1105 3301 μαρτυρίου
1125 3213 1238 3340 ψευδή

109 3323 147 3380 45
162 3310 257 3380 εἶναι.
299 3315 356 3379 καί
379 3311 409 3378 εἰ
429 3311 541 3437 μὲν
504 3336 580 3378 τοτε
602 3311 824 3400 διεπράξαντο
839 3316 1064 3402 μισθωθῆναι
1084 3311 1161 3391 τούς
1185 3315 1239 3381 οἰ-

160 3439 250 3497 κους,
281 3407 339 3482 οὐκ
367 3402 407 3480 όν
429 3412 480 3479 έτι
501 3400 540 3500 ἦν
561 3414 674 3480 τοῖσδε
697 3407 968 3537 άμφισβητήσαι·
1000 3419 1056 3482 νῦν
1084 3409 1164 3481 δέ’
1146 3440 1238 3483 απο-

157 3514 459 3606 χειροτονησάντων
481 3518 547 3581 τῶν
569 3512 774 3584 δικαστῶνε
748 3541 795 3595 ως
817 3509 965 3584 οὐδέν’
928 3530 1041 3596 αυτοῖς
1059 3520 1238 3605 προσηκον,

229 3707 244 3757 3
261 3700 313 3768 τὴν
331 3698 435 3772 θύρανι
454 3717 501 3755 em.
521 3701 580 3754 Dbr.
631 3701 676 3756 42.
697 3706 709 3755 l
729 3687 805 3754 αὐτον
822 3719 868 3770 pn,
887 3719 950 3757 corr.
969 3707 980 3755 1
1000 3733 1034 3742 -
1052 3706 1075 3757 2
1090 3707 1105 3756 3
1122 3702 1183 3755 τῶν
1200 3699 1234 3756 δ’

160 3787 275 3858 ίφορᾶνε
300 3802 348 3839 em.
370 3786 471 3839 Petitus
489 3816 522 3826 -
546 3790 562 3841 6
579 3787 620 3839 tit.
645 3787 740 3839 σακία
765 3786 813 3839 lac.
832 3793 848 3841 5
866 3788 929 3841 litt:
948 3787 1005 3840 add.
1023 3787 1085 3840 Rsk
1153 3784 1199 3841 δᾶ
1220 3793 1235 3840 ῖ

159 3868 303 3926 τίἰναντία.
321 3887 360 3938 pr.
419 3869 464 3926 44.
483 3874 498 3923 2
517 3867 627 3923 ἑαυτοὺτ
638 3887 685 3938 pr„
702 3886 765 3925 corr.
780 3874 792 3922 1
812 3900 846 3910 -
863 3866 1141 3944 Ἠγήμονονδιιιρροε
1158 3871 1238 3940 φιλο-

160 3954 297 4024 κτήμονοε.
366 3955 411 4012 45.
433 3959 444 4009 1
466 3952 646 4024 διιπράξατοε
665 3971 713 4008 em.
732 3955 793 4008 Rsk.
812 3986 844 3994 -
864 3959 879 4010 3
898 3949 934 4009 άι
951 3957 977 4008 in
995 3972 1019 4010 v.
1038 3955 1095 4008 add.
1115 3960 1138 4010 1.
