2550 4478
146 206 166 267 6
638 206 746 261 [mor
1173 227 1205 270 01,
1216 230 1231 270 ι,

147 378 183 444 δὲ
212 375 354 458 τούτων,
389 376 407 444 ὃ
442 382 598 463 μέγιστον
627 372 707 464 ἡμῖν
733 375 909 464 τεκμήριον
938 369 993 443 ότι
1023 370 1105 444 ούδὲ
1136 383 1231 447 ταῦτα

148 478 293 567 ἔπραξεν
319 475 407 567 ἡμᾶς
435 478 601 565 βλάπτειν
629 478 848 564 βουλόμενος·
882 479 1152 566 τελευτήσαντος
1179 483 1230 570 γάρ

147 585 286 648 Δεινίου
313 584 369 648 καὶ
396 585 465 648 των
493 575 701 668 πραγμάτων
730 577 809 667 ἡμῖν
838 584 995 669 πονηραῖς
1024 580 1175 664 ἐχόντων
1201 578 1230 651 ού

148 685 317 770 περιεῖδεν
346 681 434 772 ἡμᾶς
463 678 599 761 ούδενδς
628 682 751 760 ἐνδεεῖς
780 679 896 768 όντας,
926 675 1002 748 ἀλλ’
1030 677 1160 765 αὐτούς
1181 688 1230 771 μὲν

148 785 197 864 εἷς
224 785 283 875 τὴν
314 786 421 854 οἰκίαν
443 787 504 875 τὴν
527 782 629 853 αὑτοῦ
651 785 875 870 κομισάμενος
902 782 1080 868 ἐπαίδευε,
1111 787 1177 875 τὴν
1203 782 1227 855 δ’

148 881 267 956 ούσίαν
290 881 484 976 ἀφελέσθαι
506 892 573 955 τῶν
591 888 754 978 χρήστων.
769 886 1084 972 ἐπιβουλευσάντων
1112 889 1229 957 ἐ’σωσιν

147 985 244 1076 ἡμῖν,
279 989 473 1073 ἒπεμελεῖτό
502 1015 539 1056 τε
569 986 696 1074 ὁμοίως
724 993 791 1056 των
819 986 988 1077 ἡμετέρων
1018 983 1141 1080 ὥσπερ
1172 997 1228 1059 τῶν

94 1103 131 1160 18
150 1087 251 1157 αὑτοῦ
273 1091 491 1178 πραγμάτων.
528 1098 639 1158 καίτοι
659 1091 720 1179 χρὴ
744 1097 890 1210 θεωρεῖν
906 1085 1008 1158 αὐτοῦ
1024 1091 1088 1180 τὴν
1105 1094 1228 1163 ἔννοιαν

147 1221 183 1263 εκ
204 1195 331 1262 τούτων
353 1199 420 1262 τῶν
442 1194 545 1283 ἐ’ργων
567 1184 758 1315 μᾶλλονΗῆ
746 1193 780 1261 ἐκ
794 1220 861 1261 των
881 1195 1065 1281 διαθηκῶν,
1091 1200 1151 1264 καί
1165 1223 1228 1264 τεκ-

146 1303 283 1386 μηρίοις
301 1301 453 1385 χρῆσθαι
475 1295 520 1383 μὴ
543 1310 614 1374 τοῖς
637 1322 698 1379 μετ
742 1290 841 1383 ἀργῆς
870 1301 1096 1383 πραχθεῖσιν,
1129 1298 1164 1365 ἐν
1186 1299 1229 1375 οἷς

148 1392 297 1478 άπαντες
318 1395 515 1488 πεφύκαμεν
533 1393 747 1487 ἁμαρτάνειν,
772 1392 883 1464 ἀλλ”
866 1424 914 1525 οη)
946 1392 993 1464 ὦν
1008 1391 1152 1487 ύστερον
1167 1427 1228 1490 φα-

148 1501 245 1590 νερὰν
271 1501 332 1590 τὴν
361 1498 463 1568 αὑτοῦ
494 1499 647 1567 διάνοιαν
676 1498 843 1587 ἐποίησεν.
888 1500 938 1567 ἐ’τι
960 1499 1024 1588 γάρ
1047 1500 1211 1585 μᾶλλον
1196 1527 1227 1568 εν

94 1611 136 1666 14
148 1619 221 1683 τοῖς
241 1606 395 1672 τελευταί
382 1611 447 1682 ίοις
470 1599 683 1727 ἒδηλιοσεν’
658 1627 704 1680 ως
727 1600 793 1685 εἶχε
821 1601 908 1690 πρὸς
936 1598 1035 1690 ἡμᾶς
1081 1600 1141 1693 ἤδη
1164 1602 1222 1689 γάρ

148 1700 304 1774 ἀσθενῶν
333 1706 456 1794 ταύτην
482 1705 543 1793 τὴν
570 1706 669 1773 νόσον
698 1699 774 1784 ἐξ
754 1730 794 1831 ης
817 1703 1037 1792 ἐτελεύτησεν,
1063 1705 1225 1793 ἐβουλήθη

146 1809 271 1886 ταύτας
292 1807 354 1886 τὰς
376 1808 543 1894 διαθηκας
566 1801 695 1874 ἀνελεῖν
716 1810 773 1873 καὶ
794 1806 982 1894 προσέταξε
998 1810 1228 1894 Ποσειδίππῳ

146 1909 207 1996 τὴν
231 1904 331 1995 ἀρχὴν
355 1908 553 1994 εἰσαγαγεῖν.
598 1905 669 1974 ὁδὲ
685 1933 722 1974 ου
711 1901 898 1993 Ημόνον
864 1934 921 1975 ουκ
937 1906 1123 1996 εἰσήγαγεν,
1148 1903 1228 1976 ἀλλὰ

146 2013 204 2076 καὶ
225 2008 284 2077 τδν
307 2009 454 2077 ἐλθόντα
470 2013 537 2076 τῶν
554 2002 722 2097 ἀρχόντων
738 2008 796 2077 ἐπὶ
811 2008 872 2098 τὴν
886 2010 996 2099 θύραν
1013 2007 1229 2098 ἀπέπεμψεν.

145 2105 320 2201 ὀργισθεὶς
343 2113 379 2178 δὲ
400 2111 509 2198 τούτῳ
531 2111 732 2195 Κλεώνυμος
761 2111 866 2179 πάλιν
894 2112 943 2190 εἷς
967 2110 1028 2199 τὴν
1050 2109 1232 2202 ὑστεραίαν

146 2218 287 2284 Διοκλεῖ
307 2218 447 2283 καλέσαι
468 2213 546 2293 τούς
570 2210 731 2299 ἄρχοντας
745 2214 949 2302 προσέταξε·
972 2217 1027 2281 καὶ
1051 2209 1110 2298 ούχ
1128 2209 1233 2294 ούτως

147 2314 203 2400 [ως
220 2313 387 2403 ἀσθενων]
405 2318 513 2386 διακεί
500 2323 620 2401 ίμενος,
645 2310 757 2383 ἀλλ”
740 2343 790 2384 ετι
804 2319 941 2383 πολλῶν
957 2310 1066 2383 ούσῶν
1083 2316 1233 2386 ἐλπίδων

110 2422 119 2435 “’
148 2417 308 2507 εξαπίνης
329 2423 389 2507 τῆς
412 2419 526 2497 νυκτὸς
547 2418 669 2508 ταύτης
692 2412 858 2485 ἀπέθανε.

94 2531 130 2587 15
233 2523 376 2608 Πριῦτον
404 2521 464 2604 μὲν
493 2519 551 2587 ούν
578 2517 656 2603 ύμῖν
686 2521 876 2609 παρέξομαι
894 2520 1074 2643 μάρτυρας
1105 2549 1153 2602 ως
1177 2519 1232 2607 οάχ

145 2618 226 2711 ἡμῖν
249 2621 394 2707 εγκαλων
417 2615 502 2688 ἀλλὰ
518 2627 639 2710 Δεινίηι
661 2625 819 2707 πολεμῶν
840 2622 965 2701 ταύτας
986 2622 1047 2700 τὰς
1062 2624 1232 2714 διαθήκας

148 2724 300 2805 διέθετο,
324 2720 491 2791 ἔπειταί
466 2749 512 2802 ως
541 2723 666 2791 ἐκείνου
695 2725 953 2813 τελευτήσαντος
975 2724 1175 2810 ἒπεμελεῑτό
1197 2754 1232 2796 τε

145 2830 213 2894 τοῖν
243 2822 413 2915 ἡμετέρων
443 2823 619 2909 ἀπάντων,
650 2830 708 2894 καὶ
737 2821 857 2905 αύτούς
886 2826 1063 2895 ἐπαίδευεν
1093 2829 1143 2907 εἰς
1173 2831 1231 2918 τὴν

148 2929 256 2997 οἰκίαν
278 2929 338 3018 τὴν
362 2925 463 2997 αὑτοῦ
477 2929 710 3014 κομισάμενος,
733 2928 821 3017 πρὸς
837 2929 873 2996 δὲ
887 2929 1019 3008 τούτοις
1041 2926 1087 3008 ιύς
1103 2938 1231 3000 Ποσεί-

148 3032 278 3100 διππον
307 3031 461 3117 ’ἐπεμψεν
489 3030 546 3098 ἐπὶ
576 3030 636 3098 τόν
660 3025 861 3116 ἀστυνόμον,
887 3025 983 3110 οὗτος
1006 3025 1038 3097 δ’
1066 3026 1105 3099 ού
1128 3035 1232 3117 μόνον

104 3136 112 3179 ’-
148 3127 248 3210 αύτδς
277 3127 335 3199 ούκ
364 3132 532 3212 ἐκάλεσεν,
568 3127 654 3197 ἀλλὰ
683 3135 740 3198 καὶ
769 3131 915 3200 ἐλθόντα
944 3132 1002 3200 ἐπὶ
1030 3132 1091 3221 τὴν
1120 3136 1231 3223 θύραν

232 3365 276 3421 12.
297 3369 312 3419 3
330 3360 429 3433 δμᾶςΑ
443 3382 489 3433 pr„
509 3382 573 3420 corr.
594 3372 605 3422 1
625 3397 660 3406 —
677 3371 694 3420 4
712 3364 839 3438 πονήρως
855 3363 954 3435 ἡμῖνθ
973 3399 1007 3407 -
1024 3362 1056 3421 οὗ
1073 3369 1150 3422 Dbr.:
1169 3367 1233 3424 οὐδὲ

145 3480 179 3491 -
198 3455 212 3504 '1
231 3445 359 3521 χρήστων
377 3450 438 3504 Bk:
459 3451 597 3520 χρηστῶν.
664 3450 707 3507 13.
728 3457 739 3505 1
760 3450 812 3518 τὴν
833 3448 916 3505 αὑτοῦ
934 3453 955 3514 Q
974 3453 1032 3510 adn.
1049 3453 1107 3520 Bk„
1132 3456 1183 3508 hoc
1201 3456 1232 3509 ad

130 3552 171 3593 ,v.
190 3539 205 3588 5
224 3539 340 3603 spectare
358 3535 431 3588 Turr.
450 3536 578 3590 animadv.
595 3566 629 3577 -
647 3532 774 3590 διάνοιαν
791 3536 840 3590 Bk.
859 3565 889 3575 ·-
912 3541 927 3590 5
946 3533 998 3603 τὴν
1016 3532 1100 3590 αὑτοῦ
1116 3537 1170 3592 Mai
1187 3541 1231 3606 (cs.

146 3619 186 3673 ad.
199 3635 224 3671 v.
241 3621 273 3685 1),
292 3614 376 3672 αὐτοῦ
387 3615 475 3685 τῆυΑ
493 3650 526 3659 -
545 3625 561 3675 6
580 3620 644 3686 κίχοι
662 3637 711 3674 ras.
725 3637 745 3674 s.
757 3640 788 3686 χε
799 3622 831 3674 Α.
898 3621 941 3676 14.
960 3627 976 3676 5
994 3617 1166 3692 ἀνέπιμγενε
1182 3640 1231 3677 em.

147 3703 236 3772 Steph.
254 3729 287 3742 —
306 3708 321 3758 6
340 3706 366 3757 ίε
383 3704 405 3756 Α
422 3735 456 3745 -
474 3709 489 3759 8
508 3700 546 3759 οδε
563 3703 697 3758 ἀσθενῶν
708 3705 758 3757 del.
771 3704 829 3771 Bk„
846 3699 895 3769 οὔχ
912 3699 999 3759 ούτοιε
1011 3703 1142 3760 ἀσθενῶς
1159 3705 1237 3764 διακι

146 3789 178 3842 οἰ.
191 3786 306 3853 Jenicke,
324 3784 454 3844 ἀσθενῶς
465 3806 524 3843 oum
535 3789 597 3842 Rsk.
611 3819 641 3828 —
656 3793 671 3842 9
684 3785 841 3856 ίτελιύτησι
853 3790 883 3851 Q.
935 3791 978 3845 15.
993 3795 1004 3847 l
1021 3787 1100 3859 ύμῖνε
1113 3815 1128 3844 υ
1141 3809 1231 3848 ecorr.

145 3873 192 3926 Al
212 3900 246 3911 -—
264 3877 281 3926 4
299 3866 395 3930 αύτούε
410 3873 487 3927 Rsk:
507 3867 588 3926 αύτδε
605 3903 639 3914 -
656 3877 672 3926 5
690 3871 823 3936 όαυτούθ
842 3903 876 3914 -
895 3878 909 3927 ’ί
928 3867 1014 3928 αὐτὸν
1033 3875 1062 3929 λλ,
1081 3875 1102 3937 0
1121 3906 1154 3917 -
1174 3872 1234 3929 ίιιά·

146 3954 225 4009 λισεν
242 3957 318 4011 Gob.:
336 3956 512 4012 εἰσεκάλεσιν.
