2572 4476
633 222 740 275 ΙΣΑΙΟΥ

662 545 727 612 XII.

432 679 584 760 ΥΠΕΡ
611 677 948 760 ΕΥΦΙΛΗΤΟΥ.

578 957 807 1009 ΥΠΟΘΕΣΙΣ.
1262 1017 1276 1045 μ

263 1050 315 1107 Τὸν
331 1048 460 1122 Ἐρχιέων
483 1050 570 1122 δῆμον
593 1054 630 1107 εἰς
652 1053 685 1108 τὸ
710 1051 885 1125 δικαστήριον
902 1047 1100 1120 προσκαλεῖταί
1116 1065 1158 1101 τις
1174 1048 1235 1100 τῶν
1262 1112 1276 1123 μ

189 1134 451 1208 ἀποψηφισθέντων
469 1134 506 1191 ῶς
522 1134 623 1193 ἀδίκως
647 1139 694 1206 τῆς
715 1137 853 1193 πολιτείας
869 1132 1093 1202 ἀπελαυνόμενος.
1130 1130 1234 1206 έγράφη
1251 1117 1276 1152 ³¹·

189 1220 244 1296 γὰρ
262 1219 296 1289 δή
313 1239 353 1276 τις
370 1219 424 1277 ὑπὸ
441 1224 502 1276 τῶν
511 1218 673 1290 Ἀθηναίων
685 1222 773 1292 νόμος,
793 1223 918 1285 ἐξέτασιν
934 1219 1068 1293 γενέσθαι
1080 1219 1140 1272 τῶν
1158 1216 1233 1272 ποίε-
1253 1215 1265 1249 *i

189 1308 250 1360 τῶν
273 1305 343 1360 κατὰ
365 1304 477 1376 δήμους,
499 1307 549 1361 τὸν
572 1305 602 1361 δέ
622 1304 860 1380 ἀποψηφισθέντα
881 1302 936 1360 ὑπὸ
959 1306 1018 1358 τῶν
1041 1300 1172 1374 δημοτῶν
1190 1304 1238 1370 τῆς
1255 1319 1276 1368 ,ε

122 1399 137 1448 5
192 1389 330 1447 πολιτείας
345 1390 384 1462 μὴ
400 1398 532 1461 μετέχειν,
549 1399 605 1448 τοῖς
623 1391 654 1447 δὲ
673 1390 774 1447 ἀδίκως
790 1389 1030 1463 ἀποψηφισθεῖσιν
1046 1394 1144 1461 ίφεσιν
1155 1389 1192 1442 εἰς
1203 1387 1237 1443 τδ
1260 1400 1276 1461 i?

191 1475 368 1548 δικαστήριον
386 1479 456 1532 εἶναι
479 1477 744 1552 προσκαλεσαμένοις
760 1478 822 1532 τοὺς
839 1473 972 1547 δημότας,
997 1480 1043 1529 καί
1061 1473 1109 1529 ίάν
1127 1471 1161 1528 zi
1178 1472 1238 1528 δεύ-
1257 1524 1276 1563 ³t

191 1584 272 1634 τερον
291 1562 488 1637 ἐξελεγχθῶσι,
507 1566 671 1637 πεπρᾶσθαι
690 1560 787 1618 αὐτοὺς
803 1569 849 1616 καί
871 1561 905 1616 τὰ
923 1561 1047 1635 χρήματα
1064 1561 1137 1614 είναι
1155 1557 1239 1629 δημά·
1265 1633 1267 1637 Ι

192 1668 247 1703 σια.
283 1649 353 1704 κατὰ
370 1652 474 1705 τοῦτον
495 1650 545 1705 τὸν
566 1649 653 1720 νόμον
676 1646 877 1720 ὁΕάφίλητος,
902 1645 1155 1720 προσκαλεσάμενος
1175 1645 1240 1699 τοῦς
1266 1644 1269 1664 ’

190 1732 310 1807 Ἐρχιέας
327 1731 365 1790 ῶς
381 1732 483 1790 ἀδίκως
500 1741 779 1808 καταψηφισαμένους
792 1733 884 1801 αὐτοῦ,
901 1734 951 1788 τὸν
968 1730 1065 1806 ἀγῶνα
1077 1728 1160 1786 τόνδε
1178 1727 1238 1785 δια·
1262 1729 1276 1771 ἴε

109 1820 141 1871 10
196 1822 317 1875 τίθεται.
352 1827 510 1894 προείρηται
534 1824 585 1886 μέν
608 1818 642 1887 δὴ
665 1819 700 1874 τὰ
718 1817 866 1894 πράγματα
883 1817 965 1873 ταῦτ’
984 1813 1104 1890 ἀκριβῶς
1127 1821 1174 1869 καί
1194 1836 1241 1870 πε·
1263 1813 1268 1835 ’“

193 1912 333 1959 πίστωται
352 1903 398 1960 διὰ
414 1908 475 1961 τῶν
491 1909 653 1980 μαρτύρων·
676 1906 715 1960 οίς
732 1903 762 1958 δέ
779 1910 894 1974 βεβαίας
912 1906 1025 1971 ποιῆσαι
1042 1899 1173 1971 βούλεται
1192 1903 1239 1956 τὰς
1264 1936 1276 1969 3

191 1996 349 2062 μαρτυρίας,
372 1988 438 2044 τάδε
456 1993 541 2057 έστίν,
565 1987 603 2045 ῶς
619 1995 671 2061 μέν
688 1989 742 2064 ἐγώ
761 1988 839 2058 δόξης
862 1994 925 2057 ἔχω,
948 1984 1034 2043 πάντ’
1054 1982 1176 2058 ἀκριβῶς
1196 1987 1242 2050 ἐξ·
1267 2016 1276 2023 -

194 2080 367 2149 ειργασμίνα,
385 2080 501 2148 κρινέτω
520 2073 550 2129 δέ
566 2073 581 2129 ὁ
600 2074 764 2145 βουλόμενος
776 2077 800 2128 εἰ
811 2074 845 2128 τὰ
857 2072 1033 2146 προσήκοντα
1050 2077 1160 2146 ἔγνωκα
1177 2077 1243 2144 περί
1267 2139 1276 2147 ·

193 2158 295 2216 αὐτῶν.

237 2277 255 2301 τι
476 2290 483 2310 ,
592 2269 606 2301 ’ί
640 2277 658 2302 ει
929 2285 936 2306 ,
995 2273 1003 2298 ν
1101 2277 1108 2297 τ
1169 2272 1179 2298 t
1212 2290 1227 2302 .

251 2288 313 2351 Οτι
339 2283 400 2369 μὲν
428 2309 549 2365 τοινυν,
580 2309 606 2348 αι
636 2281 752 2367 ανδρες
781 2281 950 2361 δικασταί,
986 2279 1133 2367 αδελφος
1160 2303 1243 2365 ημιν

161 2381 251 2453 ἐστιν
281 2381 396 2453 οὑτοσὶ
425 2380 630 2474 Εὐφίλητος,
662 2378 699 2451 οὗ
728 2383 831 2467 μόνον
857 2379 951 2470 ἡμῶν
981 2374 1066 2448 ἀλλὰ
1094 2383 1243 2448 καὶτῶν

53 2540 57 2547 .
162 2490 324 2572 συγγενῶν
347 2483 507 2553 ἀπάντων
530 2481 692 2574 ἀκηκόατε
706 2485 970 2573 μαρτυρούντων.
1009 2487 1188 2568 σκέψασθε
1206 2483 1243 2550 δὲ

162 2590 298 2673 πρῶτον
320 2585 378 2653 τὸν
406 2591 538 2672 πατέρα
559 2582 662 2672 ἡμῶν,
693 2591 783 2661 τίνος
806 2585 912 2651 ἕνεκεν
935 2574 974 2651 ἀν
1001 2584 1164 2668 ψεύδοιτο
1185 2587 1245 2652 καί

126 2692 280 2759 βτοῦτον
302 2686 347 2777 μὴ
371 2683 453 2755 ὄντα
476 2682 577 2753 αὐτοῦ
599 2685 672 2753 υἱὸν
691 2686 903 2752 εἰσεποιεῖτο.
948 2684 1079 2762 πάντας
1099 2685 1165 2772 γὰρ
1189 2682 1244 2754 εὖ·

162 2790 279 2880 ρήσεεε
305 2789 383 2870 τούς
404 2789 446 2857 τὰ
468 2793 608 2857 τοιαῦτα
630 2788 840 2877 πράττοντας
868 2777 890 2875 ἢ
913 2780 970 2854 οὒκ
998 2781 1104 2854 ὄντων
1127 2783 1245 2868 αὐτοῖς

161 2901 305 2986 γνησίων
328 2894 461 2961 παίδων
483 2882 504 2981 ἢ
528 2891 584 2959 διὰ
607 2898 726 2960 πενίαν
745 2884 1027 2978 ἀναγκαζομένους
1049 2888 1162 2968 ξένους
1184 2884 1245 2958 ἀν-

161 2997 327 3087 θρώπους
350 2996 599 3078 εἰσποιεῖσθαι,
628 2988 724 3074 ὅπως
752 2987 951 3084 ὠφελῶνταί
978 3018 1012 3060 τι
1042 2984 1106 3058 ἀπ’
1133 2985 1246 3060 αὐτῶν

248 3203 293 3256 Xil
314 3203 431 3272 (Dionys.
449 3201 538 3256 flaiv
555 3218 581 3268 p.
594 3203 728 3254 617-624
742 3198 845 3264 Reiske)
904 3197 965 3265 hyp.
986 3201 997 3250 1
1018 3192 1149 3263 προσκαλ.
1168 3195 1245 3251 nsi:

164 3286 277 3358 προκαλ
302 3289 373 3352 libri,
398 3289 458 3340 item
481 3303 524 3338 vv.
543 3290 558 3339 6
582 3289 608 3336 et
627 3287 642 3337 8
665 3312 700 3324 -
723 3287 738 3335 3
757 3279 790 3348 δή
807 3299 848 3334 τις
872 3278 905 3347 δη
928 3281 948 3332 Β
967 3298 1013 3350 pr.,
1036 3277 1069 3348 δη
1092 3280 1195 3334 induxit
1211 3311 1247 3321 -

164 3377 182 3427 4
199 3368 311 3441 δήμσνςε
330 3391 362 3424 ου
374 3387 438 3424 corr.
451 3387 482 3423 ex
494 3388 509 3423 ο
520 3369 567 3421 Mi
588 3397 621 3407 -
641 3374 656 3422 5
674 3361 964 3437 ἀποψηφισθει...σιν
976 3366 1004 3433 F,
1023 3370 1088 3420 2-3
1106 3367 1157 3419 litt.
1170 3383 1247 3434 εςεε,

165 3463 242 3514 niet
254 3475 302 3511 σιν
318 3458 432 3512 inras.1
454 3485 486 3495 —
505 3461 519 3508 ’ί
539 3450 706 3519 ίξείεχθῶσι
724 3454 743 3505 F
762 3482 794 3492 —
814 3457 866 3508 7.8
885 3449 1001 3521 δημοσία
1019 3452 1042 3504 Α
1059 3457 1086 3504 εί
1101 3467 1153 3519 mg.
1171 3452 1193 3505 B
1211 3482 1248 3495 -

167 3549 183 3599 9
200 3546 286 3610 ἐχιίας
303 3542 355 3610 ΑΒ,
374 3538 512 3613 ἀρχιερέας
529 3541 548 3593 F
569 3568 606 3580 -
626 3533 735 3593 ἀδίκους
752 3539 771 3591 F
789 3555 836 3607 pr.,
855 3555 919 3592 corr.
937 3541 953 3591 2
971 3567 1005 3578 -
1031 3541 1060 3591 11
1079 3540 1201 3605 βεβαίως
1216 3538 1245 3590 Μ

164 3663 198 3674 -
216 3629 344 3700 βούλεται
362 3628 476 3694 ποιῆσαι
493 3625 512 3677 F
531 3657 564 3666 -
584 3629 615 3679 12
634 3622 727 3680 πάντα
744 3623 774 3680 B.
842 3627 866 3678 1.
889 3628 900 3678 1
920 3624 1017 3676 τοίνῦν
1032 3622 1060 3688 F,
1082 3639 1126 3674 τοι
1144 3637 1176 3674 ex
1200 3643 1249 3676 και

165 3735 230 3774 σοις.
249 3721 265 3771 2
289 3745 323 3757 -
346 3718 362 3769 2
380 3708 395 3766 ὁ
413 3707 554 3782 εὖφίλητος
571 3713 593 3774 (ι
611 3727 675 3765 σοις.
693 3711 717 3766 ε,
733 3715 760 3777 η)
778 3710 831 3774 Fi,
856 3704 871 3762 ὁ
889 3713 959 3762 recte
979 3724 1029 3761 om.
1047 3705 1160 3759 ABMFi
1185 3708 1248 3772 (dei.

166 3805 280 3871 Sauppe)
298 3831 333 3841 -
350 3804 365 3854 3
383 3795 529 3864 ἀκηκόατεε
548 3816 564 3851 ο
582 3813 673 3850 ecorr.
688 3797 709 3849 B
727 3825 761 3836 -
780 3801 797 3850 4
813 3795 916 3847 εἵνεκεν
933 3794 952 3846 F
971 3824 1004 3833 -
1022 3788 1164 3862 ψεῦδοιτο.
1184 3793 1249 3858 (vid.

105 3935 107 3938 Α
166 3889 280 3952 afuisse)
292 3887 320 3940 F.
373 3885 400 3940 2.
415 3887 465 3939 1.2
483 3879 624 3952 εδρῆσεται
637 3882 656 3934 F
668 3898 705 3950 pr.
720 3883 858 3948 (comi),
876 3881 898 3932 Α
914 3896 951 3948 pr.
970 3909 1003 3918 -
1021 3882 1036 3931 2
1054 3875 1089 3929 τά
1102 3893 1152 3931 om.
1165 3877 1186 3930 F
1200 3895 1248 3947 pr.,

167 3974 252 4028 adm
275 4003 307 4014 -
325 3970 431 4025 ὄντων;
450 3986 470 4023 ε.
489 3989 522 4023 ον
539 3985 588 4023 ras.
607 3967 626 4019 F
