2572 4476
128 241 171 302 32
613 245 721 299 ΙΣᾹΙΟΥ
1141 263 1175 305 01,
1188 262 1206 302 α

128 440 224 537 τερον
247 413 295 492 εἷς
316 412 358 479 τά
382 413 469 501 ἐργα,
493 406 551 496 ούχ
573 408 718 534 ηγήσατο
743 416 811 482 δεῖν
833 428 904 494 τοῖς
930 409 999 482 άπὸ
1023 419 1083 482 τού
1107 409 1206 482 αύτο-

128 517 235 602 μάτου
259 515 327 583 ἐκεῖ
348 514 517 598 ἐντυχοῦσι
537 514 683 601 μάρτυσι
694 520 846 603 χρῆσθαι
860 520 939 605 περί
956 521 1015 607 της
1031 515 1205 607 ἐξαγωγῆς,

130 613 204 686 άλλ
238 613 314 708 ἧκεν
344 618 425 700 ’ἐχων
456 615 592 684 ἐνθένδε
613 617 809 706 Διόφαντον
835 617 894 686 τὸν
924 617 1092 746 Σηηττιον
1122 613 1203 703 μεθ
1246 626 1249 723 η

131 721 259 844 ἐρυτού,
283 719 321 799 ὃς
344 720 434 806 ἔλεγε
455 716 515 807 τὴν
545 714 680 806 δί“κην
662 720 748 807 υπέρ
776 720 912 802 τούτου,
941 722 997 787 καὶ
1019 721 1249 808 Δωρόθεον
1247 772 1249 779 .

130 823 188 891 τὸν
218 818 416 890 Ἐλευσίνιον
448 823 504 888 καί
536 819 595 887 τὸν
629 815 776 910 άδελφδν
811 816 912 890 αὐτοῦ
947 821 1119 910 Φιλοχάρη
1154 825 1205 889 καὶ

131 921 252 1004 άλλους
267 923 413 1001 πολλούς
427 923 607 1010 μάρτυρας,
624 923 881 1012 παρακεκληκώς
899 923 1036 993 ἐνθένδε
1050 927 1206 1004 σταδίους

76 1039 116 1096 53
132 1026 223 1113 ἐγγύς
245 1031 455 1108 τριακοσίους
478 1023 597 1091 ἐκεῖσε·
626 1029 706 1114 περὶ
737 1027 773 1094 δὲ
801 1030 858 1115 τῆς
881 1024 994 1117 ἐγγύης
1016 1033 1075 1117 τῆς
1101 1028 1207 1118 τήθης
1247 1044 1249 1051 “

130 1133 196 1195 ταῖν
225 1129 359 1194 παίδων
386 1130 458 1211 τῶν,
482 1125 601 1193 ἐαυτοῦ
630 1125 664 1194 ἐν
693 1131 741 1213 τηῖ
770 1123 864 1195 άστει
895 1128 1132 1218 ἐκμαρτυρίαν,
1164 1124 1206 1208 δίς

130 1252 224 1319 φησι,
248 1228 449 1313 ποιούμενος
470 1230 537 1294 τῶν
558 1229 618 1312 μέν
634 1228 765 1295 οἰκείων
780 1223 900 1296 ούδένα
914 1235 981 1298 ταῖν
999 1232 1119 1299 ἑαυτοῦ
1143 1259 1206 1299 πα-

130 1330 335 1420 ρακεκληκώς
358 1337 529 1420 φαίνεται,
553 1329 735 1397 Διονύσιον
765 1332 802 1397 δὲ
827 1325 952 1420 Ἑρχιέα
978 1337 1034 1400 καὶ
1056 1327 1207 1422 Ἀριστό-

132 1437 226 1517 λοχον
256 1431 313 1500 τδν
341 1432 550 1521 Αἰθαλίδην.
595 1431 679 1516 μετὰ
709 1433 801 1502 δυοῖν
828 1434 960 1502 τούτοιν
986 1435 1020 1502 ἐν
1041 1439 1091 1521 τῷ
1114 1431 1208 1504 άστει

133 1532 233 1604 αὐτοῦ
255 1535 315 1624 τὴν
338 1534 556 1624 ἐκμαρτυρίαν
579 1534 797 1658 ποιησασθαί
825 1560 929 1626 φασιν
959 1531 1116 1604 ούτοι-
1138 1564 1207 1606 τοι·

133 1644 217 1706 αύτα
238 1637 322 1725 μετὰ
345 1637 523 1720 τούτων,ο
505 1636 556 1716 οίς
579 1628 694 1704 οὐδ”
680 1665 720 1704 αν
743 1640 823 1723 περὶ
844 1634 1206 1707 δτουούνπιστεύσειεν

78 1751 118 1806 24
134 1737 234 1819 άλλος
257 1735 348 1809 ουδε
336 1747 375 1820 ς
420 1742 502 1818 ἰσιος
524 1739 587 1826 γὰρ
609 1726 649 1828 ἦν
670 1766 710 1860 νη
697 1738 795 1806 Δία
812 1739 979 1827 πάρεργον
998 1768 1053 1808 και
1042 1743 1207 1870 τραύλον,

133 1847 212 1931 περὶ
236 1838 274 1909 ού
296 1867 426 1965 τηνχ
378 1841 412 1908 ἐκ
413 1846 598 1928 μαρτυρίαν
621 1839 714 1927 παρὰ
729 1865 788 1906 του
775 1842 991 1928 Πυρετίδου
1007 1846 1094 1933 φασὶ
1109 1843 1209 1964 ποιη·
1247 1886 1249 1935 i

133 1949 266 2010 σασθαι
295 1947 403 2022 οὑτοι,
434 1935 519 2006 ὥστε
549 1934 645 2006 οὐδὲν
673 1940 873 2024 θαυμαστόν
898 1936 1188 2069 όλιγιρρηθηναι’
1171 1973 1208 2067 ην

133 2044 169 2112 τό
195 2048 343 2168 πρᾶγμα.
387 2045 444 2109 καὶ
465 2045 597 2124 πῶςςο
580 2041 631 2120 οἷς
652 2067 688 2128 γε
710 2047 790 2133 περὶ
813 2036 914 2111 αύτοῦ
938 2047 1057 2114 τούτου
1079 2044 1097 2114 5
1122 2041 1209 2136 άγαλν

132 2175 172 2236 ην
192 2143 210 2215 5
227 2151 293 2215 τῶν
311 2143 651 2232 ψειδομαρτυριῶν,“
634 2170 672 2211 ον
686 2144 882 2234 Ξενοκλης”
865 2170 1011 2234 εφευγεν,
1034 2175 1052 2236 η
1038 2138 1106 2228 ”ἐξ
1119 2148 1209 2217 ἑταί-

134 2275 194 2340 ρας
221 2277 241 2339 η
272 2248 348 2330 ἐξ’
334 2254 489 2372 εγγυητης
516 2272 574 2335 την
605 2245 724 2315 ἑαυτοῦ
752 2261 890 2334 γυναῖκα
916 2246 1011 2317 εἶναι.
1057 2247 1167 2317 εἶτα’
1152 2253 1209 2317 επὶ

134 2353 255 2441 ταύτην
278 2343 318 2419 όν
340 2379 400 2440 την
421 2359 615 2442 μαρτυρίαν,
639 2350 670 2418 εἰ
690 2377 730 2439 ην
753 2345 950 2440 ἀληθής,
916 2378 973 2419 ουκ
996 2342 1035 2420 άν
1057 2345 1209 2431 άπαντας

82 2463 121 2520 25
134 2452 213 2529 τούς
235 2454 377 2530 οἰκείους
398 2455 476 2532 τούς
498 2453 616 2521 ἑαυτου
603 2453 869 2578 παρακαλεῐν’
855 2468 977 2531 εκεῑνος
991 2448 1133 2541 ηξίωσε,·
1156 2457 1209 2522 ναί

133 2553 181 2640 μδ
203 2558 288 2634 Δία,
320 2551 366 2632 ὡς
393 2553 537 2640 ἐγωγε
522 2550 630 2642 κόμην,
662 2557 692 2618 ει
720 2577 756 2638 γε
784 2579 824 2640 ην
850 2548 976 2639 ἀληθὲς
996 2553 1034 2620 τδ
1059 2559 1209 2677 πρᾶγμα.

135 2651 173 2724 05
196 2662 307 2722 τοίνυν
330 2681 379 2744 φα
383 2662 497 2735 νίεται,
522 2617 639 2719 δείλ’(
622 2679 639 2720 ο
664 2653 778 2736 μέν
745 2655 909 2738 ν-ενοκλης
931 2650 1018 2738 πρὸς
1039 2651 1117 2728 τούς
1134 2653 1211 2721 ἐπι-

134 2757 292 2843 τυχόντας
308 2755 396 2824 δύο)
382 2782 429 2839 εκχ
417 2754 709 2881 μαρτυρησάμενος
722 2779 782 2841 την
798 2757 983 2838 μαρτυρίαν
996 2751 1128 2841 ταύτην,
1145 2763 1210 2825 Νι-

134 2862 227 2985 κόδηχ
228 2887 278 2940 ιος
300 2860 336 2926 δέ
359 2855 472 2927 οὑτοσί
496 2855 598 2946 [ην]“
580 2882 637 2924 ενα
665 2853 767 2939 μόνον
794 2851 945 2941 μάρτυρα
973 2859 1211 2941 παρακαλέσας

135 2959 216 3051 μεθ’
244 2965 362 3032 ἐαυτοῦ
384 2965 431 3048 τη]
453 2958 512 3027 τὸν
533 2958 749 3045 τριτάλαντον
772 2951 863 3022 οίκον
888 2981 996 3046 κεκτηρ
984 2957 1111 3045 μένῳ
1096 2964 1210 3081 εγγυη-

82 3080 122 3137 26
136 3075 195 3136 σαί
211 3091 295 3157 φησι
310 3064 370 3152 τὴν
386 3018 543 3150 άδελφην.
570 3062 625 3126 καί
642 3054 770 3144 οὗτοςμ
761 3056 858 3126 ιὲν
822 3085 881 3126 τον
895 3064 1022 3144 Πυρετί
1023 3059 1141 3149 δην’
1097 3087 1209 3145 μονον,

136 3164 194 3252 οὐχ
216 3165 457 3290 ὁμολογοῦντα,
487 3160 802 3250 προσεποιήσατορ
790 3153 864 3246 μετ
897 3154 1000 3228 αύτού
1026 3167 1210 3250 παραγενέ-

136 3274 239 3336 σθαι·
267 3265 334 3334 δπδ
366 3267 402 3333 δὲ
431 3268 490 3331 τού
515 3261 747 3355 ἐγγυήσασθαι
772 3261 1007 3348 μέλλοντος
971 3289 1031 3350 την
1053 3262 1210 3352 τοιαύτην

136 3375 331 3458 Λυσιμένης
353 3369 410 3434 καὶ
433 3366 465 3433 οἱ
488 3347 629 3454 άδελφοί
653 3359 770 3446 αὐτοῦ,
799 3371 939 3453 Χαίρων
961 3367 1017 3431 καὶ
1039 3363 1208 3454 Πυλάδης,

205 3574 250 3630 22.
263 3570 450 3639 3οδχοοττ.,1
468 3565 508 3626 ού.
520 3587 603 3638 pr-
569 3569 741 3623 -5ένθινε
760 3585 809 3622 em.
820 3568 913 3624 Bk.—
927 3565 1047 3623 6τούτ..
1060 3583 1106 3635 με,
1118 3583 1183 3623 corr.
1199 3571 1210 3621 1

136 3654 495 3730 -9έγγδείλδ1.εε·ύθὺτ.
575 3650 1151 3754 28.3φησι.με.-1ριτὰλλδε.εμεν
1167 3653 1212 3705 τά.

204 3742 250 3798 24.
268 3747 285 3796 4
302 3739 340 3795 οίε
356 3759 388 3813 γε
404 3733 578 3804 Μεοίτουτ,υ
561 3760 609 3794 οτι
623 3724 764 3806 Steph„
740 3759 764 3806 ῳ
775 3757 806 3810 γε
818 3739 888 3805 Βελ,
905 3738 934 3790 εἴ
944 3757 976 3809 γε
986 3751 1108 3805 anonym,
1126 3732 1211 3789 ὁπότε

138 3828 264 3882 Gebauer:
284 3819 411 3880 ύστε-
436 3818 503 3879 δάν
520 3840 585 3877 corr
606 3818 680 3887 1,“.ν
698 3821 900 3891 ρα--θτην
917 3821 1014 3874 ἑαυτοῦ
1032 3836 1095 3875 corr.
1117 3825 1139 3886 1,
1156 3839 1212 3873 τοι·

135 3913 221 3966 αυτοῦ
239 3927 296 3964 cum
313 3926 363 3965 ras.
376 3927 396 3965 ε.
409 3929 426 3962 τ
441 3913 451 3963 1
466 3925 518 3977 pn:
536 3909 566 3961 11.
584 3905 635 3975 τὴν
647 3905 753 3964 τούτου.
804 3905 849 3963 25.
868 3912 884 3961 4
902 3907 931 3959 11.
949 3901 1212 3975 ίκμαρτυρήσαοθαι

138 4029 171 4040 -
189 4002 204 4051 5
222 3984 257 4064 ἦν
274 3995 323 4050 del.
343 3996 404 4052 Rsk.
472 3993 517 4049 26.
536 3998 552 4047 4
570 3991 599 4046 οἱ
614 4008 679 4047 corr.
697 3997 720 4057 2,
739 3987 757 4056 τί
775 4007 812 4059 pr.

163 4212 216 4219 sp.
