2572 4476
10 111 52 162 ει
88 128 142 181 ,κ
352 111 880 168 σευιτοιωσυιυιοκκκιιοοι.
1091 112 1152 174 119

29 327 31 337 .
75 305 128 365 χος
150 274 232 348 οὐδὲ
253 275 374 348 καθΗ
363 282 420 349 ένα
442 281 544 365 νόμον
568 274 667 349 αὐτόν
683 282 828 372 εἴληφεν,
853 276 938 351 ἀλλὰ
955 281 1050 371 παρά
1066 284 1153 352 πάν·

10 398 23 481 ἡ·
72 408 131 462 τας
144 380 227 461 τοὺς
251 382 371 467 νόμους
387 376 495 451 ἆδικεῑ
516 381 600 467 μετὰ
614 386 681 450 τιῦν
697 384 828 451 οἰκείων
843 383 902 473 τήν
921 383 1001 472 ἐμὴν
1016 390 1151 476 μητέρα.

10 480 11 488 '
68 478 154 552 όθεν
178 472 240 552 055
263 489 459 574 σαφέστατα
480 482 731 573 μαθήσεσθε“
707 510 752 564 ως
775 485 841 569 ἔχει
858 489 973 568 ταῦτα,
997 485 1152 555 έυτεῦθεν

63 584 155 671 όμᾶς
180 590 321 674 πρῶτον
342 586 549 707 πειράσομαι
572 586 750 654 διδάσκειν.

153 681 375 777 Ἀρίσταρχος
403 675 508 777 γὰρ
489 714 538 776 ην,
562 715 588 754 ω
574 675 743 777 ἄνδρες,
766 689 1008 777 Συπαλήττιος.
1055 682 1186 767 055094

56 790 169 876 ἔλαβε
205 791 403 863 Ξεναινέτου
431 783 615 879 Ἀχαρνέως
649 795 834 878 θυγατέρα,
870 789 905 870 ἐξ
934 784 973 878 ής
1005 795 1151 876 γίγνεται

54 891 268 980 Κυρωνίδης
295 893 351 958 καλ
373 890 573 980 Δημοχάρης
601 888 698 980 καλή
728 892 835 982 μήτηρ
857 889 876 980 5
905 891 965 980 ἐμή
989 895 1044 959 καὶ
1068 886 1149 980 άλλη

51 992 202 1060 τούτων
225 985 363 1080 άδελιγή.
414 994 608 1082 Κυρωνίδης
630 994 690 1078 μὲν
713 982 771 1062 555
793 991 810 1061 5
841 994 938 1063 τοῦδε
959 991 1072 1082 πατὴρ
1094 996 1149 1060 καλ

51 1099 222 1183 θατέρου
243 1098 303 1161 505
324 1092 419 1160 τόνδε
441 1091 500 1160 τόν
521 1095 640 1183 κλῆρον
663 1089 785 1176 ἀδίκως
809 1096 937 1180 έχοντος
964 1094 1149 1184 ἐξεποιήθη

10 1180 13 1193 ¹
52 1197 110 1276 εἷς
152 1195 269 1284 ἕτερον
296 1191 396 1275 οἶκον,
432 1187 519 1262 δι’στε
548 1190 637 1283 αότηῖ
665 1201 731 1265 τιῦν
762 1199 939 1288 χρημάτιυν
973 1191 1068 1265 οόδέν
1100 1196 1149 1264 ότι

50 1301 255 1386 προσῆκεν·
278 1290 494 1386 Ἀριστάρχου
524 1297 560 1364 δὲ
581 1301 640 1365 τοῦ
662 1298 792 1386 πατρός
818 1299 903 1384 (τοῦ)
925 1298 1052 1365 τούτων
1071 1300 1076 1382 5
1095 1323 1149 1364 τε-

51 1399 293 1488 λευτήσαντος
314 1398 513 1486 Δημοχάρης
535 1396 583 1484 (5)
607 1398 679 1477 5559
701 1399 903 1487 κληρονόμος
931 1402 998 1465 τῶν
1025 1397 1148 1465 ἐκείνου

51 1505 223 1591 κατέστη.
268 1501 386 1568 τούτου
410 1500 446 1567 δέ
469 1500 594 1580 παιδός
617 1494 854 1579 ἀποθανόντος
875 1502 929 1567 καὶ
953 1503 1013 1586 τῆς
1035 1497 1149 1586 ἑτέρας

53 1599 221 1691 ἀδελφῆς
228 1654 237 1685 ,
267 1599 287 1690 5
316 1601 422 1721 μήτηρ
450 1598 471 1691 5
496 1601 555 1692 ἐμὴ
580 1601 635 1669 ἐπὶ
670 1606 773 1722 παγτὶ
795 1605 845 1689 555
867 1602 947 1688 οἴκῳ
971 1599 1149 1690 ἐπίκληρος

55 1706 210 1793 ἐγένετο.
254 1707 308 1771 καὶ
332 1697 418 1770 οάτω
440 1704 501 1788 μὲν
523 1697 604 1783 έξ’
587 1709 686 1792 αρχῆς
709 1697 843 1772 ἅπαντα
864 1705 959 1770 ταυτὶ
986 1706 1045 1792 τῆς
1067 1699 1181 1791 55595

55 1804 197 1932 μητρός
224 1800 359 1893 ἐγένετό.
403 1809 572 1894 προσῆκον
602 1800 633 1872 δ)
661 1800 743 1895 αὐτῇ
771 1805 854 1892 μετά
878 1809 945 1873 τιῦν
969 1803 1147 1926 χρημάτων

55 1935 112 1996 τῳ
146 1906 307 1994 ἐγγύτατα
336 1913 449 1994 γένους
478 1921 650 1990 συνοικεῖν,
680 1908 803 2034 πάσχει
826 1893 1064 1990 δεινότατα,
1038 1934 1064 1974 ω
1090 1901 1147 1974 άν-

58 2011 156 2098 δρες.
190 2001 422 2098 Ἀριστομένης
443 2007 504 2097 γὰρ
521 2001 717 2098 άδελφδς”
690 2037 735 2076 ων
751 2008 817 2077 ἐκεί
818 2036 875 2077 νου
897 2035 955 2076 του
942 2003 1147 2127 Ἀριστόρ·

58 2135 143 2195 χου,
174 2104 271 2187 ὄντος
300 2105 390 2198 55555
411 2112 500 2190 υἱέος
528 2114 584 2177 καὶ
605 2111 784 2198 θυγατρός,
809 2104 977 2198 ἀμελήσας
1002 2098 1024 2194 5
1047 2101 1147 2185 55559

63 2205 173 2300 55555
204 2211 288 2295 ἔχειν
314 2202 337 2301 5
365 2215 420 2305 555
441 2213 508 2280 υἱεῖ
534 2211 618 2296 μετὰ
640 2216 699 2280 τοῦ
727 2211 846 2301 κλήρου
869 2208 1146 2292 ἐπιδικάσασθαι,

63 2307 196 2392 τούτων
225 2313 285 2398 μέν
315 2307 410 2381 οὐδέν
439 2313 593 2435 5505555,
623 2313 682 2403 τήν
713 2315 749 2382 δέ
773 2310 874 2381 αὑτοῦ
895 2316 1065 2400 θυγατέρα
1088 2309 1145 2378 55

64 2429 143 2494 τοῖς
164 2418 224 2504 τῆς
247 2414 327 2504 έμής
347 2414 473 2503 μητρός
492 2415 637 2536 χρήμασι
659 2413 794 2503 Κυρωνέ
796 2416 835 2505 δη
859 2415 1024 2498 ἐξέδωκεν,
1048 2407 1146 2501 ἒξής

66 2515 85 2586 5
101 2520 302 2595 Ξεναίνετος
324 2509 421 2594 οὗτος
442 2519 497 2584 καλ
512 2511 766 2641 Ἀρίσταρχοςί
748 2545 766 2586 0
788 2517 986 2607 τελευτήσας
1008 2515 1145 2605 ἐγένετο.

35 2618 104 2687 ·τδ
129 2604 251 2704 μὲν
214 2644 271 2685 ουν
294 2611 454 2745 όιδλκημα,
484 2618 600 2699 καλόν
622 2620 749 2704 τρόπον
770 2624 837 2687 τεόν
859 2619 1036 2741 χρημάτων
1059 2611 1144 2685 5555-
1161 2635 1180 2692 5
1228 2632 1230 2637 '

68 2720 248 2809 στερήθην,
270 2714 362 2786 τοῦτ
381 2720 480 2802 55555,
504 2746 530 2786 ω
516 2707 678 2808 άνδρες
701 2720 796 2806 μετὰ
808 2721 844 2787 δέ
865 2746 970 2786 ταυτα
984 2745 1043 2807 την
1065 2717 1145 2806 ἐμὴν

67 2828 196 2913 μητέρα
219 2799 374 2890 ἐκδίδωσι
396 2825 445 2909 555
467 2821 537 2907 ἐμῷ
559 2827 673 2909 πατρί.
717 2826 852 2907 Κυρωνί
839 2821 911 2887 5505
935 2819 970 2886 δέ
992 2817 1143 2912 τελευτή-

67 2948 191 3047 σαγτος
205 2922 264 2990 τόν
278 2949 336 2990 του
323 2926 550 2997 Ξεναινέτου
566 2917 712 3011 άδελφόν
735 2921 924 3044 εἰσάγουσιν
937 2915 1143 3009 Ἀριστάρχῳ

67 3026 151 3108 υἱόν,
176 3018 253 3092 οόδέ
274 3018 396 3092 καθί
385 3025 442 3093 ε’να
464 3024 575 3111 νόμον,
598 3051 624 3091 ω
610 3012 824 3112 555559,‘
797 3048 844 3102 59
866 3021 966 3110 ἔχω’
953 3047 987 3090 εκ
1008 3016 1143 3132 πολλῶν

66 3132 253 3216 τεκμηρίων
274 3122 351 3211 ὑμῖν
374 3124 542 3207 ἐπιδείξω
1111 3181 1113 3184 .

154 3232 296 3312 Πρῶτον
317 3228 377 3313 μὲν
392 3215 449 3296 055
470 3230 639 3319 μάρτυρας
660 3225 737 3315 ὑμῖν
752 3225 989 3317 παρέξομαι(
963 3254 1009 3308 ως
1024 3235 1141 3317 Κυρω-
1159 3242 1196 3309 7.

153 3431 180 3486 4.
201 3435 212 3486 l
233 3425 441 3499 συπαλλήττιοει
465 3447 514 3487 em.
533 3430 605 3486 Turr.
627 3462 660 3471 —
683 3435 698 3486 3
717 3428 861 3508 δημοχαριε
878 3450 924 3501 pn,
947 3446 1010 3485 corr.
1029 3433 1058 3496 2,
1080 3430 1143 3484 item

44 3521 91 3581 ·4,
111 3519 139 3578 ὃς
158 3521 183 3581 5,
201 3520 217 3569 4
236 3546 268 3555 —
292 3517 374 3570 5555
395 3511 477 3569 τόνδε
492 3514 544 3570 τόν
560 3513 738 3589 κλῆρουεοιτ.
757 3516 912 3582 2,·τοότοιν
930 3513 960 3568 δέ
976 3513 1026 3568 τὸν
1044 3511 1143 3584 κλῆρον
1239 3553 1243 3559 -

66 3597 153 3667 νόμον
171 3617 217 3669 pr„
234 3599 320 3670 νόμον
338 3601 462 3668 expunxit
477 3605 487 3652 l
506 3629 540 3640 -
558 3599 669 3665 σχόντος
685 3600 788 3668 Sauppe
804 3630 839 3640 -
856 3605 870 3653 7
890 3601 939 3652 τοῦ
957 3600 1014 3653 add.
1032 3599 1091 3653 Dbr.
1109 3627 1143 3639 -

67 3690 82 3742 8
102 3681 116 3740 5
135 3686 193 3740 add.
213 3685 325 3754 Sauppe,
342 3683 398 3738 5555
415 3684 464 3739 del.
477 3684 595 3739 Schoem.
613 3716 646 3726 -
663 3689 754 3739 κείνου
772 3686 805 3722 -”
827 3687 843 3738 9
861 3680 958 3738 παιδὸε
974 3681 1054 3738 ὄντος
1070 3682 1142 3735 Hert·

65 3770 120 3824 lein
137 3801 172 3811 -
192 3774 222 3825 10
241 3771 287 3824 ἐπὶ
307 3768 476 3823 Valckenaer:
495 3771 526 3824 έν
588 3769 613 3825 5.
633 3774 647 3823 7
666 3764 809 3839 οὐδέτερον
826 3767 888 3823 Nbr.
906 3798 940 3808 -
958 3771 973 3824 ⁸
990 3761 1144 3838 κυρωνίδη·

65 3871 105 3924 pr.
175 3855 200 3910 5.
222 3859 243 3910 1.
265 3859 280 3908 2
299 3849 475 3924 ἀπεστερήθη
494 3853 619 3920 ὃεὴοεω,
636 3844 865 3923 ἇπισέερὴθημιν
883 3852 959 3906 Schb.
