2550 4478
168 241 206 304 18
649 246 757 299 ΙΣΑΙΟΥ
1182 265 1216 305 or.
1226 264 1241 304 τ.
1272 271 1273 276 ’

167 438 229 493 σας
250 418 365 495 ταῦτα,
389 413 518 502 [ἐπειδὴ
536 421 760 505 προετίμησεν
781 409 902 494 αὖτοὺς
923 413 1083 532 πάντωη,]
1109 413 1241 503 ἐπῄνεσέ
1271 418 1273 453 ³

167 541 203 582 τε
225 515 302 594 τοὺς
326 510 503 601 λόγους
465 520 582 600 αυτοῦ,
611 518 667 584 καί
698 514 792 584 εἶπεν
820 510 873 584 ότι
903 508 1056 584 δέοιτο”
1035 542 1054 603 η
1079 541 1118 583 τε
1139 513 1241 604 ἡλικία
1271 531 1273 567 1

167 621 220 685 καὶ
243 614 263 705 ἡ
287 622 444 707 παροῦσα
467 615 588 707 ἐρημία
566 617 735 687 αέκείνοο
763 622 825 685 τοῦ
849 616 1126 706 θεραπεύσοντος
1150 613 1240 686 αὐτόν
1271 632 1273 640 ’

166 721 223 786 καὶ
246 717 528 808 ἐπιδημήσαντος·
559 719 655 804 ,ἐμοὶ
676 706 796 805 μέν
760 725 837 786 ονν“
860 717 925 808 έφη
948 725 1095 804 ,σομβαί
1097 746 1147 788 νει
1164 715 1239 789 όπο
1270 734 1273 745 ’

169 821 287 909 δημία,
318 817 365 900 ῶς
394 820 433 888 σδ
457 818 632 889 olm*
616 849 633 890 ο
665 822 701 888 δὲ
731 814 878 910 άδελφδς
901 817 1037 888 οὗτοσί“
1065 820 1124 904 ἐμὲ
1148 825 1238 910 λέγων
1270 837 1273 871 1

169 927 255 1002 ,τῶν
277 948 314 990 τε
337 927 404 990 σῶν
427 921 667 1010 ἐπιμελήσεται
688 926 745 989 καλ
767 927 833 989 τῶν
849 921 946 1007 ἐμῶν,
970 920 1028 989 ἐὰν
1049 922 1156 1012 βοόλη
1171 927 1237 991 τοῦ·

168 1049 225 1090 τον
247 1024 495 1111 ποιησασθαι.“
541 1027 597 1092 καὶ
619 1021 636 1092 ό
661 1027 835 1114 Μενεκλῆς
857 1026 965 1102 καλῶς
988 1023 1052 1112 ἐ’φη
1078 1019 1181 1094 αότδν
1196 1029 1237 1092 λέ·

168 1150 248 1211 γειν,
271 1128 327 1192 καὶ
350 1124 384 1192 έκ
405 1129 466 1192 τοῦ
486 1126 616 1212 τρόπου
639 1125 758 1193 τούτου
781 1133 933 1194 ποιεῖταί
954 1151 1006 1209 με.

116 1234 152 1291 13
253 1222 307 1304 Ὡς
329 1213 386 1294 οδν
408 1226 492 1294 κατὰ
514 1226 593 1305 τοὺς
615 1227 736 1312 νόμους
759 1227 887 1347 όγένετρ
915 1224 935 1316 ἡ
967 1235 1124 1314 ποίησις,
1153 1233 1239 1296 τοῦτο

169 1323 256 1448 ημᾶς
282 1327 450 1413 βούλομαι
480 1328 624 1407 διδάξαι.
672 1335 729 1396 καί
756 1355 817 1413 μοι
844 1328 902 1397 τόν
933 1328 1034 1449 νόμον
1066 1323 1239 1417 άνάγνωθι,

170 1428 208 1507 ὃς
229 1428 355 1497 κελεύει
376 1428 418 1496 τά
442 1429 561 1496 ἑαυτοῦ
585 1428 707 1508 ἐξεῖναι
736 1424 976 1499 διαθέοθαι”
957 1454 1053 1508 οπως
1075 1458 1115 1498 αν
1139 1431 1240 1518 ἐθέλῃ,
1272 1438 1273 1446 ’

171 1530 228 1599 ἐὰν
256 1530 300 1619 μὴ
331 1528 504 1611 παῖδες”
482 1557 615 1653 αρρενες
643 1531 707 1611 ῶσι
735 1531 875 1620 γνήσιοι.
920 1529 1025 1621 ὁγὰρ
1054 1539 1242 1654 νομοθέτης,
1272 1539 1273 1544 ’

171 1633 197 1698 ὠ
183 1621 349 1722 ἄνδρες,
374 1632 430 1702 διὰ
452 1637 550 1701 τοῦτο
573 1633 632 1701 τόν
648 1633 750 1719 νόμον
766 1633 885 1722 ἔθηκεν
908 1625 1022 1715 οὕτως,
1047 1631 1131 1723 ὁρῶν
1146 1634 1244 1755 μόνην

171 1736 294 1824 ταύτην
316 1735 508 1825 καταφυγὴν
531 1723 634 1803 οὖσαν
656 1740 715 1825 της
738 1736 876 1826 ἐρημίας
897 1738 953 1803 καὶ
974 1734 1177 1823 παραψυχὴν
1191 1739 1244 1804 τοό

171 1845 247 1923 βίον
269 1850 342 1913 τοῖς
365 1833 490 1904 άπαισι
512 1841 578 1902 τῶν
601 1831 805 1924 ἀνθρώπων,
829 1836 866 1904 τὸ
891 1836 1014 1916 εξεῑναι
1035 1838 1244 1926 ποιήσασθαι

119 1948 155 2003 14
173 1932 211 2005 όν
234 1962 311 2004 τινα
339 1927 379 2004 δν
405 1937 603 2023 βούλωνται.
655 1937 815 2006 διδόντων
845 1925 901 2005 οὖν
930 1943 996 2006 τῶν
1024 1938 1135 2024 νόμων
1164 1935 1245 2026 αὕτη

173 2044 355 2107 ποιεῖσθαι
378 2037 491 2106 διὰ
457 2065 495 2104 το
520 2035 607 2106 εἶναι
630 2034 810 2121 δίπαιδα,
796 2040 854 2123 εμὲ
869 2054 1030 2123 ποιεῖται,
1054 2035 1113 2109 οδκ
1128 2041 1163 2109 ἓν
1179 2043 1244 2110 δια·

172 2140 310 2230 θήκαις,
340 2127 366 2206 ῶ
391 2135 521 2228 άνδρες,
544 2139 688 2228 γράψας,
711 2144 841 2225 μέλλων
864 2136 1111 2231 ἀποθνῄσκειν,
1139 2138 1245 2230 ῶσπερ

173 2240 270 2312 άλλοι
293 2243 380 2322 τινὲς
401 2246 468 2310 τῶν
491 2244 656 2325 πολιτῶν,
688 2237 762 2311 οὐδ’
789 2238 957 2311 ἀσθενῶν·
983 2238 1057 2310 ἀλλ’
1083 2242 1244 2331 ὑγιαίνων,

173 2334 208 2413 εδ
239 2349 388 2434 φρονῶν,
419 2331 453 2411 εδ
483 2348 584 2426 νοῶν,
615 2345 844 2435 ποιησάμενος
874 2345 1001 2434 εἰσάγει
1026 2373 1069 2430 με
1100 2347 1148 2427 είς
1177 2346 1247 2424 τοδς

174 2447 343 2568 φράτερας
366 2445 544 2571 παρόντων
566 2445 702 2529 τούτων,
724 2450 779 2514 καὶ
804 2447 852 2526 είς
873 2447 952 2527 τοδς
975 2448 1123 2575 δημότας
1143 2476 1186 2534 με
1201 2449 1246 2536 έγ·

121 2561 157 2615 15
175 2547 298 2637 γράφει
320 2548 375 2612 καί
400 2545 448 2623 εἰς
477 2545 555 2623 τούς
578 2539 765 2646 όργεῶνας.
797 2551 853 2615 καὶ
875 2549 952 2617 τότε
973 2551 1034 2634 μὲν
1057 2545 1192 2619 οὗδὲν’
1174 2577 1246 2618 αντ-

174 2651 285 2735 έλεγον
309 2673 417 2767 αητῳ
422 2640 516 2714 οὗτοι
544 2642 589 2724 ῶς
619 2640 703 2733 (οὐκ)
733 2647 767 2714 εδ
797 2655 993 2777 φρηνοῦντι
1026 2659 1138 2720 καίτοι
1166 2654 1246 2720 πολὺ

173 2747 348 2818 κάλλιπ’
331 2775 371 2836 ην
395 2748 505 2833 ζῶντα
516 2747 683 2816 πείθειν
670 2763 801 2837 εκεῑνον,
826 2752 859 2818 εί
871 2777 904 2818 τι
918 2754 1104 2839 βούλοιντο,
1127 2757 1246 2840 μᾶλλον

174 2880 193 2942 η
189 2844 461 2941 τελευτήσαντα
482 2848 627 2938 ’ὑβρίζειν
649 2854 706 2918 καὶ
728 2849 905 2942 ἐξερημοῦν
935 2849 1036 2923 αότοῦ
1064 2855 1123 2922 τόν
1153 2853 1246 2923 οίκον.

175 2955 301 3042 ἐπεβίω
323 2953 385 3042 γὰρ
410 2952 532 3033 ἐκεῖνος
553 2953 638 3038 μετὰ
661 2952 721 3041 τὴν
742 2961 882 3045 ποίησιν
905 2950 963 3024 οόκ
986 2956 1139 3025 ἐνιαυτὸν
1161 2944 1246 3042 ἕναῆ

176 3058 234 3125 δύο
242 3110 251 3139 ,
280 3051 364 3123 ἀλλὰ
387 3063 464 3144 τρία
486 3059 543 3122 καὶ
565 3055 691 3124 ε’ίκοσιν
713 3055 786 3146 ότη·
830 3061 886 3124 καὶ
915 3057 949 3124 έν
976 3057 1084 3145 τούτῳ
1107 3064 1155 3145 τῶ
1175 3057 1246 3146 χρό-

176 3184 231 3243 νῳ,
255 3157 405 3244 τοσαύτην
422 3153 503 3237 όντι,
519 3150 614 3223 οὐδέν
630 3155 752 3236 ἐκεῖνος
766 3164 912 3246 μετέγνω
927 3162 993 3224 τῶν
1008 3166 1246 3246 πεπραγμένων

246 3397 260 3446 2
280 3393 359 3459 glosa.
372 3392 423 3446 del.
434 3393 493 3447 Dbr.
506 3423 540 3432 -
552 3397 568 3448 4
585 3398 632 3446 καὶ
643 3399 703 3448 ante
716 3390 732 3461 ἡ
743 3412 794 3448 σαι.
807 3393 827 3455 0
845 3423 878 3434 -
896 3386 1122 3464 θεραπεύσαντος
1134 3394 1156 3446 Α
1170 3413 1208 3463 pr.
1220 3419 1248 3434 ν

110 3520 113 3526 .
177 3473 424 3546 5ίπιδημὴσαντοε
435 3477 455 3539 0
468 3508 502 3517 —
514 3481 565 3549 έφη
579 3495 628 3533 om.
644 3478 664 3540 0
682 3508 716 3519 -
734 3482 895 3546 συμβαίνειν
906 3471 1066 3546 ἀποδημίαν
1078 3480 1101 3530 Α
1114 3484 1174 3531 -Ί
1191 3472 1252 3548 βοά·

178 3558 216 3614 Aac
234 3564 257 3614 A
274 3591 307 3601 —
326 3565 342 3615 8
360 3565 406 3613 καὶ
423 3556 438 3615 ὁ
457 3578 507 3615 om.
526 3563 555 3624 Q.
624 3562 668 3619 18.
689 3569 701 3617 1
721 3565 876 3634 ἐπιγίνεται
895 3579 943 3617 em.
961 3562 1021 3616 Dbr.
1040 3592 1073 3601 —
1092 3567 1107 3616 2
1126 3561 1254 3631 βούλεται

177 3644 197 3705 Q
216 3675 249 3684 -
265 3642 315 3697 τὸν
332 3643 418 3714 νόμον
436 3644 520 3702 αὐτὸν
532 3648 553 3710 Q
566 3655 625 3702 test.
638 3648 690 3701 Mai
709 3679 743 3688 -
761 3651 776 3702 3
794 3641 911 3709 αδαοῦΟ
930 3678 962 3688 -
982 3653 997 3702 5
1014 3643 1116 3716 μόνηνε
1133 3644 1256 3716 move

177 3758 209 3768 -
229 3734 244 3784 8
263 3723 370 3783 άνιίὰν
387 3734 417 3785 A.
504 3732 547 3789 14.
567 3739 579 3787 1
600 3728 677 3798 αὗτῷ
694 3733 755 3786 τῶν
771 3729 866 3801 νόμων
885 3733 905 3794 Q
924 3762 957 3772 -
980 3737 997 3787 4
1014 3730 1138 3786 πολιτῶν
1156 3735 1189 3785 A:
1207 3728 1259 3784 ἄν’

178 3812 308 3884 δρῶιτων
325 3817 404 3885 vulgo
422 3846 456 3856 -
474 3822 488 3870 7
506 3813 643 3889 όραγῶναε
656 3816 685 3881 0,
703 3816 748 3884 qui
766 3817 804 3870 sic
821 3822 848 3871 et
864 3817 938 3870 infra.
990 3818 1035 3872 15.
1055 3823 1066 3871 1
1086 3817 1191 3873 τοὲτεΑ
1206 3834 1261 3885 pn,

176 3894 239 3952 τότε
257 3914 320 3952 corr.
342 3905 353 3954 l
377 3931 411 3941 —-
429 3905 443 3955 2
462 3897 511 3954 οὐκ
529 3901 586 3956 εδδ.
604 3901 664 3954 Dbr.
681 3929 715 3940 -·
733 3905 748 3956 6
767 3907 842 3972 τρέω
861 3921 879 3954 τ
896 3902 922 3954 in
940 3909 989 3956 ras.
1009 3906 1021 3954 1
1042 3901 1080 3955 lit.
1097 3903 1140 3956 Al
1160 3931 1194 3941 —
1211 3893 1261 3965 τῷ

177 3979 267 4051 τούτῳ
284 3986 359 4057 χρο
378 4014 411 4026 -
429 3990 443 4038 7
462 3980 526 4038 σίδδ
543 3987 564 4037 A
583 4001 631 4052 pn,
650 4000 714 4039 corr.
736 3990 757 4039 1.
