<?xml version="1.0" encoding="UTF-8"?>
<!DOCTYPE html PUBLIC "-//W3C//DTD XHTML 1.0 Transitional//EN"
    "http://www.w3.org/TR/xhtml1/DTD/xhtml1-transitional.dtd">
<html xmlns="http://www.w3.org/1999/xhtml" xml:lang="en" lang="en">
 <head>
  <title>
</title>
<meta http-equiv="Content-Type" content="text/html;charset=utf-8" />
  <meta name='ocr-system' content='tesseract 3.04.00' />
  <meta name='ocr-capabilities' content='ocr_page ocr_carea ocr_par ocr_line ocrx_word'/>
</head>
<body>
  <div class='ocr_page' id='page_1' title='image "./isaeiorationesc01buergoog_0111.png"; bbox 0 0 2572 4476; ppageno 0'>
   <div class='ocr_carea' id='block_1_1' title="bbox 132 214 1218 278">
    <p class='ocr_par' dir='ltr' id='par_1_1' title="bbox 132 214 1218 278">
     <span class='ocr_line' id='line_1_1' title="bbox 132 214 1218 278; baseline 0.015 -16"><span class='ocrx_word' id='word_1_1' title='bbox 132 214 172 277; x_wconf 80' lang='lat'><em>88</em></span> <span class='ocrx_word' id='word_1_2' title='bbox 414 258 417 265; x_wconf 92' lang='lat'>.</span> <span class='ocrx_word' id='word_1_3' title='bbox 441 240 444 247; x_wconf 91' lang='lat'>·</span> <span class='ocrx_word' id='word_1_4' title='bbox 621 217 729 270; x_wconf 79' lang='grc' dir='ltr'><strong>ΙΣΑΙΟΥ</strong></span> <span class='ocrx_word' id='word_1_5' title='bbox 914 260 918 268; x_wconf 90' lang='grc'><em>.</em></span> <span class='ocrx_word' id='word_1_6' title='bbox 935 255 937 259; x_wconf 38' lang='lat'><em>1</em></span> <span class='ocrx_word' id='word_1_7' title='bbox 1137 237 1171 278; x_wconf 77' lang='grc' dir='ltr'><em>οι.</em></span> <span class='ocrx_word' id='word_1_8' title='bbox 1185 238 1218 278; x_wconf 76' lang='grc' dir='ltr'><em>τ.</em></span> 
     </span>
    </p>
   </div>
   <div class='ocr_carea' id='block_1_2' title="bbox 80 380 1217 577">
    <p class='ocr_par' dir='ltr' id='par_1_2' title="bbox 80 380 1217 577">
     <span class='ocr_line' id='line_1_2' title="bbox 80 380 1217 476; baseline 0.006 -29"><span class='ocrx_word' id='word_1_9' title='bbox 80 390 119 447; x_wconf 74' lang='lat'><em>22</em></span> <span class='ocrx_word' id='word_1_10' title='bbox 215 380 378 454; x_wconf 71' lang='grc' dir='ltr'><em>Ἐνταῦθα</em></span> <span class='ocrx_word' id='word_1_11' title='bbox 400 385 460 470; x_wconf 84' lang='grc' dir='ltr'><em>μὲν</em></span> <span class='ocrx_word' id='word_1_12' title='bbox 476 381 602 470; x_wconf 79' lang='grc' dir='ltr'><em>ὁμοίιος</em></span> <span class='ocrx_word' id='word_1_13' title='bbox 624 390 679 454; x_wconf 85' lang='grc' dir='ltr'><em>καὶ</em></span> <span class='ocrx_word' id='word_1_14' title='bbox 703 380 829 476; x_wconf 85' lang='grc' dir='ltr'><em>ἀδελφή</em></span> <span class='ocrx_word' id='word_1_15' title='bbox 846 389 902 454; x_wconf 81' lang='grc' dir='ltr'><em>καὶ</em></span> <span class='ocrx_word' id='word_1_16' title='bbox 918 380 1122 475; x_wconf 76' lang='grc' dir='ltr'><em>ἀδελφιδοῦς</em></span> <span class='ocrx_word' id='word_1_17' title='bbox 1138 387 1217 454; x_wconf 83' lang='grc' dir='ltr'><em>ἰσό-</em></span> 
     </span>
     <span class='ocr_line' id='line_1_3' title="bbox 130 486 1210 577; baseline 0.005 -22"><span class='ocrx_word' id='word_1_18' title='bbox 130 513 245 577; x_wconf 91' lang='grc' dir='ltr'><em>μοιροι</em></span> <span class='ocrx_word' id='word_1_19' title='bbox 273 486 355 554; x_wconf 85' lang='grc' dir='ltr'><em>κατὰ</em></span> <span class='ocrx_word' id='word_1_20' title='bbox 383 486 442 556; x_wconf 90' lang='grc' dir='ltr'><em>τδν</em></span> <span class='ocrx_word' id='word_1_21' title='bbox 465 487 566 573; x_wconf 91' lang='grc' dir='ltr'><em>νόμον</em></span> <span class='ocrx_word' id='word_1_22' title='bbox 590 488 684 556; x_wconf 77' lang='grc' dir='ltr'><em>εἰσίν.</em></span> <span class='ocrx_word' id='word_1_23' title='bbox 728 490 829 574; x_wconf 50' lang='lat' dir='ltr'><em>Aa&amp;</em></span> <span class='ocrx_word' id='word_1_24' title='bbox 851 486 891 576; x_wconf 86' lang='lat'><em>66</em></span> <span class='ocrx_word' id='word_1_25' title='bbox 919 492 974 555; x_wconf 84' lang='grc' dir='ltr'><em>καὶ</em></span> <span class='ocrx_word' id='word_1_26' title='bbox 997 494 1125 572; x_wconf 80' lang='grc' dir='ltr'><em>τοῦτον,</em></span> <span class='ocrx_word' id='word_1_27' title='bbox 1154 493 1210 560; x_wconf 79' lang='grc' dir='ltr'><em>καὶ</em></span> 
     </span>
    </p>
   </div>
   <div class='ocr_carea' id='block_1_3' title="bbox 133 583 742 731">
    <p class='ocr_par' dir='ltr' id='par_1_3' title="bbox 133 583 742 731">
     <span class='ocr_line' id='line_1_4' title="bbox 133 583 742 731; baseline 0.007 -76"><span class='ocrx_word' id='word_1_28' title='bbox 133 583 355 676; x_wconf 84' lang='grc' dir='ltr'><em>ἀναγίγνωσκε</em></span> <span class='ocrx_word' id='word_1_29' title='bbox 379 583 502 668; x_wconf 80' lang='grc' dir='ltr'><em>αὐτοῖς.</em></span> <span class='ocrx_word' id='word_1_30' title='bbox 597 677 742 731; x_wconf 71' lang='grc' dir='ltr'><strong>ΝΟΜΟΣ</strong></span> 
     </span>
    </p>
   </div>
   <div class='ocr_carea' id='block_1_4' title="bbox 131 745 1219 1087">
    <p class='ocr_par' dir='ltr' id='par_1_4' title="bbox 131 745 1217 1054">
     <span class='ocr_line' id='line_1_5' title="bbox 213 745 1215 852; baseline 0.002 -24.012"><span class='ocrx_word' id='word_1_31' title='bbox 213 751 288 828; x_wconf 87' lang='grc' dir='ltr'><em>Εὰν</em></span> <span class='ocrx_word' id='word_1_32' title='bbox 316 759 360 849; x_wconf 88' lang='grc' dir='ltr'><em>μή</em></span> <span class='ocrx_word' id='word_1_33' title='bbox 390 745 472 825; x_wconf 80' lang='grc' dir='ltr'><em>ὦσιν</em></span> <span class='ocrx_word' id='word_1_34' title='bbox 502 752 640 844; x_wconf 82' lang='grc' dir='ltr'><em>ἀνεψιοὶ</em></span> <span class='ocrx_word' id='word_1_35' title='bbox 668 759 752 848; x_wconf 75' lang='grc' dir='ltr'><em>μηδὲ</em></span> <span class='ocrx_word' id='word_1_36' title='bbox 781 753 930 845; x_wconf 77' lang='grc' dir='ltr'><em>ἀνεψιῶν</em></span> <span class='ocrx_word' id='word_1_37' title='bbox 958 761 1097 844; x_wconf 85' lang='grc' dir='ltr'><em>παῖδες,</em></span> <span class='ocrx_word' id='word_1_38' title='bbox 1127 763 1215 852; x_wconf 76' lang='grc' dir='ltr'><em>μηδὲ</em></span> 
     </span>
     <span class='ocr_line' id='line_1_6' title="bbox 131 859 1214 982; baseline 0.006 -55"><span class='ocrx_word' id='word_1_39' title='bbox 131 864 191 928; x_wconf 80' lang='grc' dir='ltr'><em>τοῦ</em></span> <span class='ocrx_word' id='word_1_40' title='bbox 213 860 301 949; x_wconf 86' lang='grc' dir='ltr'><em>πρὸς</em></span> <span class='ocrx_word' id='word_1_41' title='bbox 329 860 458 948; x_wconf 81' lang='grc' dir='ltr'><em>πατρὸς</em></span> <span class='ocrx_word' id='word_1_42' title='bbox 486 866 599 982; x_wconf 81' lang='grc' dir='ltr'><em>γένους</em></span> <span class='ocrx_word' id='word_1_43' title='bbox 627 889 646 950; x_wconf 90' lang='grc' dir='ltr'><em>η</em></span> <span class='ocrx_word' id='word_1_44' title='bbox 669 885 847 951; x_wconf 84' lang='grc' dir='ltr'><em>προσήκων</em></span> <span class='ocrx_word' id='word_1_45' title='bbox 868 863 1001 952; x_wconf 87' lang='grc' dir='ltr'><em>μηδείς,</em></span> <span class='ocrx_word' id='word_1_46' title='bbox 1025 863 1103 932; x_wconf 88' lang='grc' dir='ltr'><em>τότε</em></span> <span class='ocrx_word' id='word_1_47' title='bbox 1126 859 1214 934; x_wconf 81' lang='grc' dir='ltr'><em>ἀπέ-</em></span> 
     </span>
     <span class='ocr_line' id='line_1_7' title="bbox 133 962 1219 1087; baseline 0.006 -58"><span class='ocrx_word' id='word_1_48' title='bbox 133 963 216 1030; x_wconf 89' lang='grc' dir='ltr'><em>δωκε</em></span> <span class='ocrx_word' id='word_1_49' title='bbox 238 977 310 1041; x_wconf 88' lang='grc' dir='ltr'><em>τοῖς</em></span> <span class='ocrx_word' id='word_1_50' title='bbox 331 962 417 1087; x_wconf 87' lang='grc' dir='ltr'><em>πρὸς</em></span> <span class='ocrx_word' id='word_1_51' title='bbox 439 964 572 1052; x_wconf 91' lang='grc' dir='ltr'><em>μητρός,</em></span> <span class='ocrx_word' id='word_1_52' title='bbox 597 964 750 1084; x_wconf 81' lang='grc' dir='ltr'><em>διορίσας</em></span> <span class='ocrx_word' id='word_1_53' title='bbox 771 963 828 1043; x_wconf 77' lang='grc' dir='ltr'><em>οὓς</em></span> <span class='ocrx_word' id='word_1_54' title='bbox 850 964 901 1033; x_wconf 88' lang='grc' dir='ltr'><em>δεῖ</em></span> <span class='ocrx_word' id='word_1_55' title='bbox 922 979 1063 1056; x_wconf 79' lang='grc' dir='ltr'><em>κρατεῖν</em></span> <span class='ocrx_word' id='word_1_56' title='bbox 1109 969 1219 1054; x_wconf 75' lang='grc' dir='ltr'><em>Λαβδ</em></span> 
     </span>
    </p>
   </div>
   <div class='ocr_carea' id='block_1_5' title="bbox 133 1058 1012 1221">
    <p class='ocr_par' dir='ltr' id='par_1_5' title="bbox 133 1058 1012 1221">
     <span class='ocr_line' id='line_1_8' title="bbox 133 1058 1012 1152; baseline 0.005 -24"><span class='ocrx_word' id='word_1_57' title='bbox 133 1063 169 1129; x_wconf 84' lang='lat'><em>66</em></span> <span class='ocrx_word' id='word_1_58' title='bbox 193 1058 385 1141; x_wconf 78' lang='grc' dir='ltr'><em>αὐτοῖςκαὶ</em></span> <span class='ocrx_word' id='word_1_59' title='bbox 408 1068 525 1130; x_wconf 81' lang='grc' dir='ltr'><em>τοῦτον</em></span> <span class='ocrx_word' id='word_1_60' title='bbox 546 1064 605 1139; x_wconf 86' lang='grc' dir='ltr'><em>τόν</em></span> <span class='ocrx_word' id='word_1_61' title='bbox 628 1064 728 1147; x_wconf 93' lang='grc' dir='ltr'><em>νόμον</em></span> <span class='ocrx_word' id='word_1_62' title='bbox 751 1067 804 1131; x_wconf 82' lang='grc' dir='ltr'><em>καὶ</em></span> <span class='ocrx_word' id='word_1_63' title='bbox 830 1058 1012 1152; x_wconf 77' lang='grc' dir='ltr'><em>ἀνάγνωθι.</em></span> 
     </span>
     <span class='ocr_line' id='line_1_9' title="bbox 597 1167 742 1221; baseline -0.028 0"><span class='ocrx_word' id='word_1_64' title='bbox 597 1167 742 1221; x_wconf 84' lang='grc' dir='ltr'><strong>ΝΟΜΟΣ.</strong></span> 
     </span>
    </p>
   </div>
   <div class='ocr_carea' id='block_1_6' title="bbox 78 1235 1215 3085">
    <p class='ocr_par' dir='ltr' id='par_1_6' title="bbox 79 1235 1215 1850">
     <span class='ocr_line' id='line_1_10' title="bbox 79 1235 1214 1366; baseline 0.011 -56"><span class='ocrx_word' id='word_1_65' title='bbox 79 1265 117 1322; x_wconf 80' lang='lat'><em>23</em></span> <span class='ocrx_word' id='word_1_66' title='bbox 220 1250 333 1312; x_wconf 81' lang='grc' dir='ltr'><em>Ταῦτα</em></span> <span class='ocrx_word' id='word_1_67' title='bbox 362 1251 428 1314; x_wconf 84' lang='grc' dir='ltr'><em>τιῦν</em></span> <span class='ocrx_word' id='word_1_68' title='bbox 456 1248 566 1331; x_wconf 86' lang='grc' dir='ltr'><em>νόμιον</em></span> <span class='ocrx_word' id='word_1_69' title='bbox 594 1235 840 1366; x_wconf 74' lang='grc' dir='ltr'><em>κελευόντιηνό</em></span> <span class='ocrx_word' id='word_1_70' title='bbox 863 1245 970 1335; x_wconf 77' lang='grc' dir='ltr'><em>μὲν’</em></span> <span class='ocrx_word' id='word_1_71' title='bbox 952 1249 1034 1339; x_wconf 87' lang='grc' dir='ltr'><em>ανήρ</em></span> <span class='ocrx_word' id='word_1_72' title='bbox 1062 1243 1110 1319; x_wconf 77' lang='grc' dir='ltr'><em>ιδν</em></span> <span class='ocrx_word' id='word_1_73' title='bbox 1135 1249 1214 1323; x_wconf 84' lang='lat'>0666</span> 
     </span>
     <span class='ocr_line' id='line_1_11' title="bbox 131 1331 1215 1471; baseline 0.009 -58"><span class='ocrx_word' id='word_1_74' title='bbox 131 1351 189 1414; x_wconf 84' lang='grc' dir='ltr'><em>τοῦ</em></span> <span class='ocrx_word' id='word_1_75' title='bbox 211 1352 332 1468; x_wconf 82' lang='grc' dir='ltr'><em>μέρους</em></span> <span class='ocrx_word' id='word_1_76' title='bbox 348 1331 483 1438; x_wconf 74' lang='grc' dir='ltr'><em>εἴληχεν,</em></span> <span class='ocrx_word' id='word_1_77' title='bbox 508 1344 626 1417; x_wconf 63' lang='grc' dir='ltr'><em>οἱδ’“</em></span> <span class='ocrx_word' id='word_1_78' title='bbox 609 1351 694 1471; x_wconf 73' lang='grc' dir='ltr'><em>υγτὲρ</em></span> <span class='ocrx_word' id='word_1_79' title='bbox 709 1346 831 1440; x_wconf 88' lang='grc' dir='ltr'><em>ταότης</em></span> <span class='ocrx_word' id='word_1_80' title='bbox 846 1356 904 1441; x_wconf 80' lang='grc' dir='ltr'><em>τῆς</em></span> <span class='ocrx_word' id='word_1_81' title='bbox 926 1352 1080 1449; x_wconf 87' lang='grc' dir='ltr'><em>γυναικός</em></span> <span class='ocrx_word' id='word_1_82' title='bbox 1100 1350 1215 1424; x_wconf 86' lang='grc' dir='ltr'><em>ἆπόν·</em></span> 
     </span>
     <span class='ocr_line' id='line_1_12' title="bbox 131 1443 1215 1580; baseline 0.01 -65"><span class='ocrx_word' id='word_1_83' title='bbox 131 1469 213 1517; x_wconf 88' lang='grc' dir='ltr'><em>των</em></span> <span class='ocrx_word' id='word_1_84' title='bbox 238 1443 324 1517; x_wconf 75' lang='grc' dir='ltr'><em>ου’τω</em></span> <span class='ocrx_word' id='word_1_85' title='bbox 339 1450 399 1574; x_wconf 89' lang='grc' dir='ltr'><em>τήν</em></span> <span class='ocrx_word' id='word_1_86' title='bbox 415 1446 493 1519; x_wconf 84' lang='grc' dir='ltr'><em>ἀναί</em></span> <span class='ocrx_word' id='word_1_87' title='bbox 481 1452 588 1520; x_wconf 84' lang='grc' dir='ltr'><em>ίδειαν</em></span> <span class='ocrx_word' id='word_1_88' title='bbox 604 1445 719 1538; x_wconf 76' lang='grc' dir='ltr'><em>οὗδεμί</em></span> <span class='ocrx_word' id='word_1_89' title='bbox 693 1459 761 1520; x_wconf 82' lang='grc' dir='ltr'><em>ιίαν</em></span> <span class='ocrx_word' id='word_1_90' title='bbox 785 1453 864 1580; x_wconf 86' lang='grc' dir='ltr'><em>ζημ</em></span> <span class='ocrx_word' id='word_1_91' title='bbox 863 1479 902 1522; x_wconf 92' lang='grc' dir='ltr'><em>οιν</em></span> <span class='ocrx_word' id='word_1_92' title='bbox 925 1451 1012 1522; x_wconf 79' lang='grc' dir='ltr'><em>εἶναι</em></span> <span class='ocrx_word' id='word_1_93' title='bbox 1027 1450 1215 1539; x_wconf 82' lang='grc' dir='ltr'><em>νομίζουσι.</em></span> 
     </span>
     <span class='ocr_line' id='line_1_13' title="bbox 131 1548 1215 1674; baseline 0.009 -56"><span class='ocrx_word' id='word_1_94' title='bbox 131 1554 185 1618; x_wconf 81' lang='grc' dir='ltr'><em>καὶ</em></span> <span class='ocrx_word' id='word_1_95' title='bbox 208 1548 293 1674; x_wconf 77' lang='grc' dir='ltr'><em>ήπὲρ</em></span> <span class='ocrx_word' id='word_1_96' title='bbox 315 1553 487 1622; x_wconf 83' lang='grc' dir='ltr'><em>τούτων..</em></span> <span class='ocrx_word' id='word_1_97' title='bbox 501 1555 738 1644; x_wconf 89' lang='grc' dir='ltr'><em>.τολμήοουσι,</em></span> <span class='ocrx_word' id='word_1_98' title='bbox 761 1559 817 1622; x_wconf 87' lang='grc' dir='ltr'><em>καὶ</em></span> <span class='ocrx_word' id='word_1_99' title='bbox 839 1568 911 1634; x_wconf 85' lang='grc' dir='ltr'><em>τοῖς</em></span> <span class='ocrx_word' id='word_1_100' title='bbox 933 1557 1043 1643; x_wconf 82' lang='grc' dir='ltr'><em>λόγοις</em></span> <span class='ocrx_word' id='word_1_101' title='bbox 1062 1562 1215 1645; x_wconf 81' lang='grc' dir='ltr'><em>χριῦνται</em></span> 
     </span>
     <span class='ocr_line' id='line_1_14' title="bbox 131 1648 1214 1777; baseline 0.007 -57"><span class='ocrx_word' id='word_1_102' title='bbox 131 1654 306 1738; x_wconf 82' lang='grc' dir='ltr'><em>τοιούτοις,</em></span> <span class='ocrx_word' id='word_1_103' title='bbox 331 1652 376 1735; x_wconf 76' lang='grc' dir='ltr'><em>ὥς</em></span> <span class='ocrx_word' id='word_1_104' title='bbox 400 1648 513 1736; x_wconf 83' lang='grc' dir='ltr'><em>αότοῑς</em></span> <span class='ocrx_word' id='word_1_105' title='bbox 535 1649 614 1725; x_wconf 84' lang='grc' dir='ltr'><em>όλοο</em></span> <span class='ocrx_word' id='word_1_106' title='bbox 637 1661 696 1730; x_wconf 81' lang='grc' dir='ltr'><em>τοῦ</em></span> <span class='ocrx_word' id='word_1_107' title='bbox 723 1656 843 1777; x_wconf 77' lang='grc' dir='ltr'><em>κλήρου</em></span> <span class='ocrx_word' id='word_1_108' title='bbox 867 1650 1059 1746; x_wconf 71' lang='grc' dir='ltr'><em>ληκτέον,”</em></span> <span class='ocrx_word' id='word_1_109' title='bbox 1039 1684 1093 1725; x_wconf 88' lang='grc' dir='ltr'><em>οτι</em></span> <span class='ocrx_word' id='word_1_110' title='bbox 1119 1665 1214 1750; x_wconf 85' lang='grc' dir='ltr'><em>Θρα-</em></span> 
     </span>
     <span class='ocr_line' id='line_1_15' title="bbox 112 1747 1213 1860; baseline 0.007 -38"><span class='ocrx_word' id='word_1_111' title='bbox 112 1755 330 1842; x_wconf 78' lang='grc' dir='ltr'><em>’σόβοολος’</em></span> <span class='ocrx_word' id='word_1_112' title='bbox 317 1767 415 1827; x_wconf 82' lang='grc' dir='ltr'><em>εκποί</em></span> <span class='ocrx_word' id='word_1_113' title='bbox 415 1785 493 1850; x_wconf 94' lang='grc' dir='ltr'><em>ητος</em></span> <span class='ocrx_word' id='word_1_114' title='bbox 516 1759 564 1837; x_wconf 93' lang='grc' dir='ltr'><em>εις</em></span> <span class='ocrx_word' id='word_1_115' title='bbox 581 1757 639 1826; x_wconf 88' lang='grc' dir='ltr'><em>τόν</em></span> <span class='ocrx_word' id='word_1_116' title='bbox 656 1747 802 1824; x_wconf 78' lang='grc' dir='ltr'><em>οἷκον</em></span> <span class='ocrx_word' id='word_1_117' title='bbox 767 1783 825 1824; x_wconf 93' lang='grc' dir='ltr'><em>τον</em></span> <span class='ocrx_word' id='word_1_118' title='bbox 836 1754 1011 1842; x_wconf 82' lang='grc' dir='ltr'><em>Ἱππολοχί</em></span> <span class='ocrx_word' id='word_1_119' title='bbox 999 1759 1071 1826; x_wconf 86' lang='grc' dir='ltr'><em>ίδου</em></span> <span class='ocrx_word' id='word_1_120' title='bbox 1086 1764 1213 1860; x_wconf 81' lang='grc' dir='ltr'><em>γέγονε,</em></span> 
     </span>
    </p>

    <p class='ocr_par' dir='ltr' id='par_1_7' title="bbox 79 1853 1213 2458">
     <span class='ocr_line' id='line_1_16' title="bbox 79 1853 1213 1986; baseline -0.001 -56"><span class='ocrx_word' id='word_1_121' title='bbox 79 1875 118 1930; x_wconf 80' lang='lat'><em>24</em></span> <span class='ocrx_word' id='word_1_122' title='bbox 132 1861 280 1946; x_wconf 80' lang='grc' dir='ltr'><em>λέγοντες</em></span> <span class='ocrx_word' id='word_1_123' title='bbox 302 1865 400 1927; x_wconf 78' lang='grc' dir='ltr'><em>τοῦτο</em></span> <span class='ocrx_word' id='word_1_124' title='bbox 422 1862 482 1943; x_wconf 78' lang='grc' dir='ltr'><em>μὲν</em></span> <span class='ocrx_word' id='word_1_125' title='bbox 498 1853 634 1953; x_wconf 78' lang='grc' dir='ltr'><em>ἀληθές,</em></span> <span class='ocrx_word' id='word_1_126' title='bbox 659 1853 812 1955; x_wconf 79' lang='grc' dir='ltr'><em>ἐκεῖνοδ</em></span> <span class='ocrx_word' id='word_1_127' title='bbox 830 1853 868 1926; x_wconf 87' lang='lat'><em>06</em></span> <span class='ocrx_word' id='word_1_128' title='bbox 884 1865 1065 1950; x_wconf 82' lang='grc' dir='ltr'><em>προσηκον·</em></span> <span class='ocrx_word' id='word_1_129' title='bbox 1089 1869 1125 1929; x_wconf 89' lang='grc' dir='ltr'><em>τί</em></span> <span class='ocrx_word' id='word_1_130' title='bbox 1146 1863 1213 1986; x_wconf 85' lang='grc' dir='ltr'><em>γὰρ</em></span> 
     </span>
     <span class='ocr_line' id='line_1_17' title="bbox 130 1955 1212 2087; baseline 0.005 -60"><span class='ocrx_word' id='word_1_131' title='bbox 130 1955 229 2049; x_wconf 89' lang='grc' dir='ltr'><em>ήττον</em></span> <span class='ocrx_word' id='word_1_132' title='bbox 245 1955 342 2047; x_wconf 75' lang='lat'>6666</span> <span class='ocrx_word' id='word_1_133' title='bbox 363 1961 421 2048; x_wconf 86' lang='grc' dir='ltr'><em>τής</em></span> <span class='ocrx_word' id='word_1_134' title='bbox 444 1967 631 2081; x_wconf 70' lang='grc' dir='ltr'><em>συγγενείας</em></span> <span class='ocrx_word' id='word_1_135' title='bbox 645 1959 767 2048; x_wconf 83' lang='grc' dir='ltr'><em>ταύτης</em></span> <span class='ocrx_word' id='word_1_136' title='bbox 781 1966 964 2087; x_wconf 80' lang='grc' dir='ltr'><em>πρησήκεν,·</em></span> <span class='ocrx_word' id='word_1_137' title='bbox 986 1957 1023 2054; x_wconf 74' lang='grc' dir='ltr'><em>οὗ</em></span> <span class='ocrx_word' id='word_1_138' title='bbox 1046 1962 1109 2052; x_wconf 83' lang='grc' dir='ltr'><em>γὰρ</em></span> <span class='ocrx_word' id='word_1_139' title='bbox 1124 1966 1212 2032; x_wconf 79' lang='grc' dir='ltr'><em>κατὰ</em></span> 
     </span>
     <span class='ocr_line' id='line_1_18' title="bbox 130 2048 1213 2155; baseline 0.007 -27"><span class='ocrx_word' id='word_1_140' title='bbox 130 2061 188 2130; x_wconf 86' lang='grc' dir='ltr'><em>τόν</em></span> <span class='ocrx_word' id='word_1_141' title='bbox 211 2067 343 2149; x_wconf 82' lang='grc' dir='ltr'><em>πατέρα</em></span> <span class='ocrx_word' id='word_1_142' title='bbox 366 2055 450 2126; x_wconf 85' lang='grc' dir='ltr'><em>ἀλλὰ</em></span> <span class='ocrx_word' id='word_1_143' title='bbox 466 2059 549 2129; x_wconf 83' lang='grc' dir='ltr'><em>κατὰ</em></span> <span class='ocrx_word' id='word_1_144' title='bbox 572 2059 658 2148; x_wconf 77' lang='grc' dir='ltr'><em>τήνγ</em></span> <span class='ocrx_word' id='word_1_145' title='bbox 645 2066 771 2150; x_wconf 84' lang='grc' dir='ltr'><em>μητέρα</em></span> <span class='ocrx_word' id='word_1_146' title='bbox 792 2065 845 2129; x_wconf 80' lang='grc' dir='ltr'><em>καὶ</em></span> <span class='ocrx_word' id='word_1_147' title='bbox 870 2068 937 2131; x_wconf 82' lang='grc' dir='ltr'><em>τιῦν</em></span> <span class='ocrx_word' id='word_1_148' title='bbox 951 2048 1213 2155; x_wconf 77' lang='grc' dir='ltr'><em>Ἀπολλοδώρου</em></span> 
     </span>
     <span class='ocr_line' id='line_1_19' title="bbox 130 2157 1212 2259; baseline 0.007 -30"><span class='ocrx_word' id='word_1_149' title='bbox 130 2169 190 2232; x_wconf 85' lang='grc' dir='ltr'><em>τοῦ</em></span> <span class='ocrx_word' id='word_1_150' title='bbox 220 2157 410 2239; x_wconf 77' lang='grc' dir='ltr'><em>Εὐπόλιδος</em></span> <span class='ocrx_word' id='word_1_151' title='bbox 437 2162 527 2239; x_wconf 77' lang='grc' dir='ltr'><em>υἱέος</em></span> <span class='ocrx_word' id='word_1_152' title='bbox 556 2161 593 2229; x_wconf 82' lang='grc' dir='ltr'><em>τό</em></span> <span class='ocrx_word' id='word_1_153' title='bbox 624 2168 724 2252; x_wconf 83' lang='grc' dir='ltr'><em>μέρος</em></span> <span class='ocrx_word' id='word_1_154' title='bbox 753 2162 885 2253; x_wconf 81' lang='grc' dir='ltr'><em>εἴληφε</em></span> <span class='ocrx_word' id='word_1_155' title='bbox 915 2169 972 2233; x_wconf 86' lang='grc' dir='ltr'><em>καὶ</em></span> <span class='ocrx_word' id='word_1_156' title='bbox 1000 2168 1105 2235; x_wconf 80' lang='grc' dir='ltr'><em>τῶνδε</em></span> <span class='ocrx_word' id='word_1_157' title='bbox 1135 2167 1212 2259; x_wconf 76' lang='grc' dir='ltr'><em>ἐξῆν</em></span> 
     </span>
     <span class='ocr_line' id='line_1_20' title="bbox 132 2259 1212 2396; baseline 0.006 -65"><span class='ocrx_word' id='word_1_158' title='bbox 132 2259 220 2351; x_wconf 84' lang='grc' dir='ltr'><em>αδτφ</em></span> <span class='ocrx_word' id='word_1_159' title='bbox 208 2267 247 2349; x_wconf 84' lang='grc' dir='ltr'>Ι</span> <span class='ocrx_word' id='word_1_160' title='bbox 265 2261 348 2330; x_wconf 82' lang='grc' dir='ltr'><em>κατὰ</em></span> <span class='ocrx_word' id='word_1_161' title='bbox 376 2261 498 2390; x_wconf 77' lang='grc' dir='ltr'><em>ταήτην</em></span> <span class='ocrx_word' id='word_1_162' title='bbox 519 2262 579 2386; x_wconf 84' lang='grc' dir='ltr'><em>τήν</em></span> <span class='ocrx_word' id='word_1_163' title='bbox 603 2271 791 2352; x_wconf 83' lang='grc' dir='ltr'><em>συγγένειαν</em></span> <span class='ocrx_word' id='word_1_164' title='bbox 814 2263 1044 2388; x_wconf 70' lang='lat' dir='ltr'>6a6x6vew‚&#39;&#39;</span> <span class='ocrx_word' id='word_1_165' title='bbox 1024 2294 1097 2336; x_wconf 90' lang='grc' dir='ltr'><em>οντι</em></span> <span class='ocrx_word' id='word_1_166' title='bbox 1124 2295 1212 2396; x_wconf 82' lang='grc' dir='ltr'><em>πρη·</em></span> 
     </span>
     <span class='ocr_line' id='line_1_21' title="bbox 130 2361 1211 2493; baseline 0.008 -62"><span class='ocrx_word' id='word_1_167' title='bbox 130 2372 215 2452; x_wconf 77' lang='grc' dir='ltr'><em>τέρφ</em></span> <span class='ocrx_word' id='word_1_168' title='bbox 237 2363 374 2452; x_wconf 82' lang='grc' dir='ltr'><em>ταύτης,</em></span> <span class='ocrx_word' id='word_1_169' title='bbox 399 2366 496 2493; x_wconf 74' lang='grc' dir='ltr'><em>εἰπερ</em></span> <span class='ocrx_word' id='word_1_170' title='bbox 517 2366 558 2434; x_wconf 83' lang='grc' dir='ltr'><em>τὰ</em></span> <span class='ocrx_word' id='word_1_171' title='bbox 581 2375 801 2463; x_wconf 83' lang='grc' dir='ltr'><em>πεπραγμένα</em></span> <span class='ocrx_word' id='word_1_172' title='bbox 823 2361 867 2456; x_wconf 86' lang='grc' dir='ltr'><em>μή</em></span> <span class='ocrx_word' id='word_1_173' title='bbox 890 2377 1011 2458; x_wconf 83' lang='grc' dir='ltr'><em>κυρίως</em></span> <span class='ocrx_word' id='word_1_174' title='bbox 1034 2369 1118 2453; x_wconf 78' lang='grc' dir='ltr'><em>’ἐχειν</em></span> <span class='ocrx_word' id='word_1_175' title='bbox 1137 2371 1211 2440; x_wconf 77' lang='grc' dir='ltr'><em>ἐνό-</em></span> 
     </span>
    </p>

    <p class='ocr_par' dir='ltr' id='par_1_8' title="bbox 78 2459 1213 2659">
     <span class='ocr_line' id='line_1_22' title="bbox 78 2459 1213 2560; baseline 0.008 -30"><span class='ocrx_word' id='word_1_176' title='bbox 78 2483 115 2540; x_wconf 72' lang='lat'><em>25</em></span> <span class='ocrx_word' id='word_1_177' title='bbox 131 2464 232 2550; x_wconf 90' lang='grc' dir='ltr'><em>μιζεν.</em></span> <span class='ocrx_word' id='word_1_178' title='bbox 285 2459 359 2556; x_wconf 80' lang='grc' dir='ltr'><em>ἀλλ’</em></span> <span class='ocrx_word' id='word_1_179' title='bbox 393 2461 450 2534; x_wconf 76' lang='grc' dir='ltr'><em>οὐκ</em></span> <span class='ocrx_word' id='word_1_180' title='bbox 479 2468 568 2537; x_wconf 71' lang='grc' dir='ltr'><em>ἔστιν</em></span> <span class='ocrx_word' id='word_1_181' title='bbox 600 2464 823 2553; x_wconf 86' lang='grc' dir='ltr'><em>ἀναίσχυντος.</em></span> <span class='ocrx_word' id='word_1_182' title='bbox 879 2465 1067 2560; x_wconf 89' lang='grc' dir='ltr'><em>μητρδςδ</em></span> <span class='ocrx_word' id='word_1_183' title='bbox 1099 2466 1213 2552; x_wconf 77' lang='grc' dir='ltr'><em>οόδείς</em></span> 
     </span>
     <span class='ocr_line' id='line_1_23' title="bbox 131 2564 1211 2659; baseline 0.008 -26"><span class='ocrx_word' id='word_1_184' title='bbox 131 2566 220 2635; x_wconf 79' lang='grc' dir='ltr'><em>ἔστιν</em></span> <span class='ocrx_word' id='word_1_185' title='bbox 249 2565 441 2659; x_wconf 82' lang='grc' dir='ltr'><em>ἐκποίητος,</em></span> <span class='ocrx_word' id='word_1_186' title='bbox 473 2566 591 2638; x_wconf 62' lang='grc' dir='ltr'><em>ἀλλ’ί</em></span> <span class='ocrx_word' id='word_1_187' title='bbox 574 2598 637 2656; x_wconf 94' lang='grc' dir='ltr'><em>ομο</em></span> <span class='ocrx_word' id='word_1_188' title='bbox 641 2580 699 2649; x_wconf 85' lang='grc' dir='ltr'><em>ίως</em></span> <span class='ocrx_word' id='word_1_189' title='bbox 732 2568 873 2658; x_wconf 77' lang='grc' dir='ltr'><em>ὑπάρχει</em></span> <span class='ocrx_word' id='word_1_190' title='bbox 901 2570 961 2656; x_wconf 90' lang='grc' dir='ltr'><em>τήν</em></span> <span class='ocrx_word' id='word_1_191' title='bbox 991 2564 1092 2656; x_wconf 73' lang='grc' dir='ltr'><em>αὐτὴν</em></span> <span class='ocrx_word' id='word_1_192' title='bbox 1121 2571 1211 2642; x_wconf 73' lang='grc' dir='ltr'><em>εἶναι</em></span> 
     </span>
    </p>

    <p class='ocr_par' dir='ltr' id='par_1_9' title="bbox 129 2658 1212 3065">
     <span class='ocr_line' id='line_1_24' title="bbox 130 2658 1211 2791; baseline -0.003 -49.928"><span class='ocrx_word' id='word_1_193' title='bbox 130 2672 288 2791; x_wconf 78' lang='grc' dir='ltr'><em>μητέρα,</em></span> <span class='ocrx_word' id='word_1_194' title='bbox 288 2660 358 2739; x_wconf 81' lang='grc' dir='ltr'><em>κδν</em></span> <span class='ocrx_word' id='word_1_195' title='bbox 372 2670 406 2741; x_wconf 80' lang='lat'><em>66</em></span> <span class='ocrx_word' id='word_1_196' title='bbox 428 2678 477 2761; x_wconf 72' lang='grc' dir='ltr'><em>τῷ</em></span> <span class='ocrx_word' id='word_1_197' title='bbox 497 2673 646 2761; x_wconf 87' lang='grc' dir='ltr'><em>πατριόφ</em></span> <span class='ocrx_word' id='word_1_198' title='bbox 668 2676 748 2789; x_wconf 76' lang='grc' dir='ltr'><em>μόνη</em></span> <span class='ocrx_word' id='word_1_199' title='bbox 771 2693 822 2765; x_wconf 78' lang='grc' dir='ltr'><em>τις</em></span> <span class='ocrx_word' id='word_1_200' title='bbox 845 2668 926 2786; x_wconf 77' lang='grc' dir='ltr'><em>οἴκφ</em></span> <span class='ocrx_word' id='word_1_201' title='bbox 943 2658 1003 2735; x_wconf 80' lang='grc' dir='ltr'><em>κάν</em></span> <span class='ocrx_word' id='word_1_202' title='bbox 1026 2669 1211 2764; x_wconf 72' lang='grc' dir='ltr'><em>ἑκποιηθνγ.</em></span> 
     </span>
     <span class='ocr_line' id='line_1_25' title="bbox 131 2761 1213 2890; baseline 0 -53"><span class='ocrx_word' id='word_1_203' title='bbox 131 2766 222 2838; x_wconf 71' lang='lat'><em>66⁰</em></span> <span class='ocrx_word' id='word_1_204' title='bbox 204 2799 222 2840; x_wconf 92' lang='grc' dir='ltr'><em>ο</em></span> <span class='ocrx_word' id='word_1_205' title='bbox 251 2777 318 2841; x_wconf 78' lang='grc' dir='ltr'><em>τῶν</em></span> <span class='ocrx_word' id='word_1_206' title='bbox 341 2769 597 2873; x_wconf 79' lang='grc' dir='ltr'><em>Ἀπολλοδώρου</em></span> <span class='ocrx_word' id='word_1_207' title='bbox 621 2769 799 2857; x_wconf 86' lang='grc' dir='ltr'><em>χρημάτων</em></span> <span class='ocrx_word' id='word_1_208' title='bbox 828 2761 885 2834; x_wconf 79' lang='grc' dir='ltr'><em>οὐκ</em></span> <span class='ocrx_word' id='word_1_209' title='bbox 908 2761 1123 2890; x_wconf 79' lang='grc' dir='ltr'><em>ἀπεστερήθη</em></span> <span class='ocrx_word' id='word_1_210' title='bbox 1148 2783 1213 2843; x_wconf 77' lang='grc' dir='ltr'><em>τοῦ</em></span> 
     </span>
     <span class='ocr_line' id='line_1_26' title="bbox 129 2863 1212 2992; baseline 0.003 -52"><span class='ocrx_word' id='word_1_211' title='bbox 129 2879 259 2964; x_wconf 81' lang='grc' dir='ltr'><em>μέρους,</em></span> <span class='ocrx_word' id='word_1_212' title='bbox 284 2869 368 2944; x_wconf 81' lang='grc' dir='ltr'><em>ἀλλὰ</em></span> <span class='ocrx_word' id='word_1_213' title='bbox 390 2868 584 2960; x_wconf 84' lang='grc' dir='ltr'><em>μετειλήφει</em></span> <span class='ocrx_word' id='word_1_214' title='bbox 598 2869 634 2936; x_wconf 85' lang='grc' dir='ltr'><em>τό</em></span> <span class='ocrx_word' id='word_1_215' title='bbox 652 2863 879 2979; x_wconf 69' lang='grc' dir='ltr'><em>ήμικλήριον,</em></span> <span class='ocrx_word' id='word_1_216' title='bbox 886 2867 973 2992; x_wconf 87' lang='grc' dir='ltr'><em>πρὸς</em></span> <span class='ocrx_word' id='word_1_217' title='bbox 994 2870 1116 2961; x_wconf 83' lang='grc' dir='ltr'><em>ταύτην</em></span> <span class='ocrx_word' id='word_1_218' title='bbox 1140 2901 1212 2944; x_wconf 87' lang='grc' dir='ltr'><em>νει-</em></span> 
     </span>
     <span class='ocr_line' id='line_1_27' title="bbox 129 2967 1210 3085; baseline 0.005 -48"><span class='ocrx_word' id='word_1_219' title='bbox 129 2977 285 3062; x_wconf 79' lang='grc' dir='ltr'><em>μάμεγος.</em></span> <span class='ocrx_word' id='word_1_220' title='bbox 320 2974 375 3055; x_wconf 85' lang='grc' dir='ltr'><em>Ὡς</em></span> <span class='ocrx_word' id='word_1_221' title='bbox 397 2970 429 3041; x_wconf 85' lang='grc' dir='ltr'><em>δ’</em></span> <span class='ocrx_word' id='word_1_222' title='bbox 447 2967 561 3061; x_wconf 74' lang='grc' dir='ltr'><em>ἀληθῆ</em></span> <span class='ocrx_word' id='word_1_223' title='bbox 582 2973 692 3055; x_wconf 82' lang='grc' dir='ltr'><em>λέγω,</em></span> <span class='ocrx_word' id='word_1_224' title='bbox 698 2969 792 3084; x_wconf 88' lang='grc' dir='ltr'><em>κάλει</em></span> <span class='ocrx_word' id='word_1_225' title='bbox 805 2972 872 3085; x_wconf 86' lang='grc' dir='ltr'><em>μοι</em></span> <span class='ocrx_word' id='word_1_226' title='bbox 879 2971 1005 3040; x_wconf 78' lang='grc' dir='ltr'><em>τούτων</em></span> <span class='ocrx_word' id='word_1_227' title='bbox 1020 2971 1098 3051; x_wconf 77' lang='grc' dir='ltr'><em>τοὺς</em></span> <span class='ocrx_word' id='word_1_228' title='bbox 1120 2977 1210 3065; x_wconf 87' lang='grc' dir='ltr'><em>μόρ-</em></span> 
     </span>
    </p>
   </div>
   <div class='ocr_carea' id='block_1_7' title="bbox 129 3105 775 3211">
    <p class='ocr_par' dir='ltr' id='par_1_10' title="bbox 129 3105 775 3211">
     <span class='ocr_line' id='line_1_28' title="bbox 129 3105 775 3211; baseline 0.006 -4"><span class='ocrx_word' id='word_1_229' title='bbox 129 3105 240 3168; x_wconf 59' lang='grc' dir='ltr'><strong><em>τυρας</em></strong></span> <span class='ocrx_word' id='word_1_230' title='bbox 552 3159 775 3211; x_wconf 85' lang='grc' dir='ltr'><strong>ΜΑΡΊὟΡΕΣ.</strong></span> 
     </span>
    </p>
   </div>
   <div class='ocr_carea' id='block_1_8' title="bbox 77 3232 1209 3534">
    <p class='ocr_par' dir='ltr' id='par_1_11' title="bbox 77 3232 1209 3534">
     <span class='ocr_line' id='line_1_29' title="bbox 77 3232 1209 3333; baseline -0.017 -19"><span class='ocrx_word' id='word_1_231' title='bbox 77 3260 116 3317; x_wconf 80' lang='grc'><em>26</em></span> <span class='ocrx_word' id='word_1_232' title='bbox 221 3239 336 3318; x_wconf 77' lang='grc' dir='ltr'><em>Οότιος</em></span> <span class='ocrx_word' id='word_1_233' title='bbox 357 3243 416 3325; x_wconf 78' lang='grc' dir='ltr'><em>μὲν</em></span> <span class='ocrx_word' id='word_1_234' title='bbox 440 3232 496 3320; x_wconf 83' lang='grc' dir='ltr'><em>οδχ</em></span> <span class='ocrx_word' id='word_1_235' title='bbox 526 3240 559 3304; x_wconf 83' lang='grc' dir='ltr'><em>οἱ</em></span> <span class='ocrx_word' id='word_1_236' title='bbox 580 3243 732 3328; x_wconf 82' lang='grc' dir='ltr'><em>γεννῆται</em></span> <span class='ocrx_word' id='word_1_237' title='bbox 754 3239 856 3324; x_wconf 91' lang='grc' dir='ltr'><em>μόνον</em></span> <span class='ocrx_word' id='word_1_238' title='bbox 878 3246 933 3310; x_wconf 82' lang='grc' dir='ltr'><em>καὶ</em></span> <span class='ocrx_word' id='word_1_239' title='bbox 964 3244 1126 3333; x_wconf 80' lang='grc' dir='ltr'><em>φράτερες</em></span> <span class='ocrx_word' id='word_1_240' title='bbox 1152 3273 1209 3332; x_wconf 67' lang='lat'><em>7⁶·</em></span> 
     </span>
     <span class='ocr_line' id='line_1_30' title="bbox 128 3337 1208 3435; baseline 0.003 -24"><span class='ocrx_word' id='word_1_241' title='bbox 128 3343 246 3430; x_wconf 89' lang='grc' dir='ltr'><em>γόνασι</em></span> <span class='ocrx_word' id='word_1_242' title='bbox 268 3342 430 3428; x_wconf 84' lang='grc' dir='ltr'><em>μάρτυρες</em></span> <span class='ocrx_word' id='word_1_243' title='bbox 445 3343 503 3426; x_wconf 88' lang='grc' dir='ltr'><em>τής</em></span> <span class='ocrx_word' id='word_1_244' title='bbox 526 3338 606 3428; x_wconf 75' lang='grc' dir='ltr'><em>ἕμής</em></span> <span class='ocrx_word' id='word_1_245' title='bbox 626 3340 805 3429; x_wconf 82' lang='grc' dir='ltr'><em>ποιήσειας,</em></span> <span class='ocrx_word' id='word_1_246' title='bbox 830 3337 914 3411; x_wconf 81' lang='grc' dir='ltr'><em>ἀλλὰ</em></span> <span class='ocrx_word' id='word_1_247' title='bbox 937 3350 992 3413; x_wconf 79' lang='grc' dir='ltr'><em>καὶ</em></span> <span class='ocrx_word' id='word_1_248' title='bbox 1011 3347 1208 3435; x_wconf 79' lang='grc' dir='ltr'><em>Θρασύβου-</em></span> 
     </span>
     <span class='ocr_line' id='line_1_31' title="bbox 130 3435 1208 3534; baseline 0.006 -25"><span class='ocrx_word' id='word_1_249' title='bbox 130 3447 187 3523; x_wconf 86' lang='grc' dir='ltr'><em>λος</em></span> <span class='ocrx_word' id='word_1_250' title='bbox 210 3437 268 3512; x_wconf 80' lang='grc' dir='ltr'><em>οδκ</em></span> <span class='ocrx_word' id='word_1_251' title='bbox 290 3436 510 3530; x_wconf 79' lang='grc' dir='ltr'><em>ἀμφισβητῶν</em></span> <span class='ocrx_word' id='word_1_252' title='bbox 537 3435 639 3521; x_wconf 83' lang='grc' dir='ltr'><em>αδτδς</em></span> <span class='ocrx_word' id='word_1_253' title='bbox 666 3443 751 3533; x_wconf 72' lang='grc' dir='ltr'><em>ἐ’ργφ</em></span> <span class='ocrx_word' id='word_1_254' title='bbox 779 3446 961 3534; x_wconf 86' lang='grc' dir='ltr'><em>δεδήλωκεν</em></span> <span class='ocrx_word' id='word_1_255' title='bbox 988 3441 1041 3516; x_wconf 79' lang='grc' dir='ltr'><em>ότι</em></span> <span class='ocrx_word' id='word_1_256' title='bbox 1070 3447 1112 3514; x_wconf 85' lang='grc' dir='ltr'><em>τὰ</em></span> <span class='ocrx_word' id='word_1_257' title='bbox 1142 3475 1208 3516; x_wconf 91' lang='grc' dir='ltr'><em>πε-</em></span> 
     </span>
    </p>
   </div>
   <div class='ocr_carea' id='block_1_9' title="bbox 128 3609 1208 4020">
    <p class='ocr_par' dir='ltr' id='par_1_12' title="bbox 128 3609 1208 4020">
     <span class='ocr_line' id='line_1_32' title="bbox 187 3609 1208 3686; baseline 0.007 -23"><span class='ocrx_word' id='word_1_258' title='bbox 187 3662 190 3671; x_wconf 81' lang='grc'><em>,</em></span> <span class='ocrx_word' id='word_1_259' title='bbox 214 3612 259 3668; x_wconf 68' lang='lat'><em>22.</em></span> <span class='ocrx_word' id='word_1_260' title='bbox 277 3616 293 3664; x_wconf 98' lang='lat'>4</span> <span class='ocrx_word' id='word_1_261' title='bbox 309 3610 357 3667; x_wconf 55' lang='lat' dir='ltr'><em>sit.</em></span> <span class='ocrx_word' id='word_1_262' title='bbox 379 3609 437 3665; x_wconf 81' lang='lat' dir='ltr'>add.</span> <span class='ocrx_word' id='word_1_263' title='bbox 455 3610 512 3666; x_wconf 80' lang='lat' dir='ltr'><strong>Ald.</strong></span> <span class='ocrx_word' id='word_1_264' title='bbox 534 3641 569 3655; x_wconf 84' lang='lat'><em>--</em></span> <span class='ocrx_word' id='word_1_265' title='bbox 591 3616 716 3684; x_wconf 79' lang='grc' dir='ltr'><em>ϋγένονε</em></span> <span class='ocrx_word' id='word_1_266' title='bbox 737 3615 810 3672; x_wconf 62' lang='lat' dir='ltr'><em>obn:</em></span> <span class='ocrx_word' id='word_1_267' title='bbox 833 3621 1003 3686; x_wconf 61' lang='grc' dir='ltr'><em>γενομένου</em></span> <span class='ocrx_word' id='word_1_268' title='bbox 1075 3615 1119 3672; x_wconf 68' lang='lat'><em>&#39;26</em></span> <span class='ocrx_word' id='word_1_269' title='bbox 1139 3619 1155 3669; x_wconf 81' lang='lat'>2</span> <span class='ocrx_word' id='word_1_270' title='bbox 1173 3618 1208 3671; x_wconf 85' lang='grc' dir='ltr'><em>τὸ</em></span> 
     </span>
     <span class='ocr_line' id='line_1_33' title="bbox 129 3693 1208 3772; baseline 0.008 -25"><span class='ocrx_word' id='word_1_271' title='bbox 129 3700 222 3768; x_wconf 50' lang='grc' dir='ltr'><em>μέρεα</em></span> <span class='ocrx_word' id='word_1_272' title='bbox 241 3711 289 3750; x_wconf 84' lang='lat' dir='ltr'><em>em.</em></span> <span class='ocrx_word' id='word_1_273' title='bbox 303 3693 364 3748; x_wconf 85' lang='lat' dir='ltr'>Rsk.</span> <span class='ocrx_word' id='word_1_274' title='bbox 383 3721 416 3734; x_wconf 95' lang='lat'><em>-</em></span> <span class='ocrx_word' id='word_1_275' title='bbox 434 3699 450 3750; x_wconf 90' lang='lat'>4</span> <span class='ocrx_word' id='word_1_276' title='bbox 468 3695 559 3753; x_wconf 79' lang='lat' dir='ltr'>deesse</span> <span class='ocrx_word' id='word_1_277' title='bbox 571 3698 631 3768; x_wconf 83' lang='lat' dir='ltr'><strong>aliq.</strong></span> <span class='ocrx_word' id='word_1_278' title='bbox 644 3698 812 3767; x_wconf 76' lang='lat' dir='ltr'>persp.·Rsk.,</span> <span class='ocrx_word' id='word_1_279' title='bbox 832 3696 966 3772; x_wconf 71' lang='grc' dir='ltr'><em>δὲλέγαν</em></span> <span class='ocrx_word' id='word_1_280' title='bbox 983 3703 1049 3769; x_wconf 87' lang='lat' dir='ltr'><strong>sppl.</strong></span> <span class='ocrx_word' id='word_1_281' title='bbox 1061 3701 1208 3768; x_wconf 80' lang='lat' dir='ltr'><strong>Emperius‚</strong></span> 
     </span>
     <span class='ocr_line' id='line_1_34' title="bbox 128 3776 1206 3853; baseline 0.005 -20"><span class='ocrx_word' id='word_1_282' title='bbox 128 3781 260 3837; x_wconf 65' lang='lat' dir='ltr'>malim</span> <span class='ocrx_word' id='word_1_283' title='bbox 279 3776 366 3851; x_wconf 74' lang='grc' dir='ltr'><em>λέγειν</em></span> <span class='ocrx_word' id='word_1_284' title='bbox 390 3809 423 3818; x_wconf 90' lang='grc'><strong>-</strong></span> <span class='ocrx_word' id='word_1_285' title='bbox 448 3782 562 3838; x_wconf 80' lang='grc' dir='ltr'><em>7τοῦτο</em></span> <span class='ocrx_word' id='word_1_286' title='bbox 585 3799 649 3838; x_wconf 82' lang='lat' dir='ltr'><strong>corr.</strong></span> <span class='ocrx_word' id='word_1_287' title='bbox 667 3787 695 3847; x_wconf 85' lang='lat'><em>2,</em></span> <span class='ocrx_word' id='word_1_288' title='bbox 720 3779 795 3837; x_wconf 83' lang='grc' dir='ltr'><em>.’...”ο</em></span> <span class='ocrx_word' id='word_1_289' title='bbox 816 3802 854 3853; x_wconf 82' lang='lat' dir='ltr'><em>pr.</em></span> <span class='ocrx_word' id='word_1_290' title='bbox 929 3785 976 3841; x_wconf 71' lang='lat'><em>25.</em></span> <span class='ocrx_word' id='word_1_291' title='bbox 995 3790 1010 3838; x_wconf 88' lang='lat'><strong>3</strong></span> <span class='ocrx_word' id='word_1_292' title='bbox 1028 3784 1206 3851; x_wconf 72' lang='grc' dir='ltr'><em>ἐκποιηθειηι</em></span> 
     </span>
     <span class='ocr_line' id='line_1_35' title="bbox 129 3858 1208 3935; baseline 0.004 -18"><span class='ocrx_word' id='word_1_293' title='bbox 129 3880 177 3919; x_wconf 83' lang='lat' dir='ltr'><em>em.</em></span> <span class='ocrx_word' id='word_1_294' title='bbox 196 3863 243 3918; x_wconf 79' lang='lat' dir='ltr'><em>Bk.</em></span> <span class='ocrx_word' id='word_1_295' title='bbox 262 3893 295 3906; x_wconf 88' lang='lat'><em>-</em></span> <span class='ocrx_word' id='word_1_296' title='bbox 313 3868 329 3921; x_wconf 91' lang='lat'>4</span> <span class='ocrx_word' id='word_1_297' title='bbox 347 3858 396 3920; x_wconf 83' lang='grc' dir='ltr'><em>ο.’κ</em></span> <span class='ocrx_word' id='word_1_298' title='bbox 414 3883 460 3935; x_wconf 75' lang='grc' dir='ltr'><em>για,</em></span> <span class='ocrx_word' id='word_1_299' title='bbox 479 3883 542 3923; x_wconf 84' lang='lat' dir='ltr'>corr.</span> <span class='ocrx_word' id='word_1_300' title='bbox 562 3873 584 3922; x_wconf 91' lang='lat'><em>1.</em></span> <span class='ocrx_word' id='word_1_301' title='bbox 671 3867 715 3922; x_wconf 75' lang='lat'><em>26.</em></span> <span class='ocrx_word' id='word_1_302' title='bbox 735 3871 750 3920; x_wconf 83' lang='grc'>3</span> <span class='ocrx_word' id='word_1_303' title='bbox 768 3863 816 3922; x_wconf 74' lang='grc' dir='ltr'><em>οὐκ</em></span> <span class='ocrx_word' id='word_1_304' title='bbox 840 3885 904 3922; x_wconf 79' lang='lat' dir='ltr'>corr.</span> <span class='ocrx_word' id='word_1_305' title='bbox 922 3873 942 3924; x_wconf 79' lang='lat'><em>2·</em></span> <span class='ocrx_word' id='word_1_306' title='bbox 962 3871 988 3922; x_wconf 90' lang='lat' dir='ltr'><em>in</em></span> <span class='ocrx_word' id='word_1_307' title='bbox 1010 3869 1060 3923; x_wconf 73' lang='grc' dir='ltr'><em>τιν.</em></span> <span class='ocrx_word' id='word_1_308' title='bbox 1082 3874 1093 3925; x_wconf 77' lang='lat'>1</span> <span class='ocrx_word' id='word_1_309' title='bbox 1113 3870 1153 3922; x_wconf 73' lang='lat' dir='ltr'>lit.</span> <span class='ocrx_word' id='word_1_310' title='bbox 1171 3900 1208 3912; x_wconf 92' lang='lat'>-</span> 
     </span>
     <span class='ocr_line' id='line_1_36' title="bbox 128 3943 728 4020; baseline 0.007 -20"><span class='ocrx_word' id='word_1_311' title='bbox 128 3943 209 4002; x_wconf 73' lang='grc' dir='ltr'><em>αὐτὸν</em></span> <span class='ocrx_word' id='word_1_312' title='bbox 227 3949 259 4003; x_wconf 84' lang='grc' dir='ltr'><em>δε</em></span> <span class='ocrx_word' id='word_1_313' title='bbox 277 3966 343 4018; x_wconf 82' lang='lat' dir='ltr'>meo,</span> <span class='ocrx_word' id='word_1_314' title='bbox 361 3966 411 4004; x_wconf 84' lang='lat' dir='ltr'><em>om.</em></span> <span class='ocrx_word' id='word_1_315' title='bbox 428 3951 486 4007; x_wconf 76' lang='lat' dir='ltr'>Ald.</span> <span class='ocrx_word' id='word_1_316' title='bbox 505 3958 532 4006; x_wconf 74' lang='lat' dir='ltr'><em>et</em></span> <span class='ocrx_word' id='word_1_317' title='bbox 550 3953 631 4020; x_wconf 55' lang='lat' dir='ltr'>vulga</span> <span class='ocrx_word' id='word_1_318' title='bbox 652 3949 728 4004; x_wconf 73' lang='grc' dir='ltr'><em>αὐτῶ</em></span> 
     </span>
    </p>
   </div>
   <div class='ocr_carea' id='block_1_10' title="bbox 0 0 1290 4476">
    <p class='ocr_par' dir='ltr' id='par_1_13' title="bbox 0 0 1290 4476">
     <span class='ocr_line' id='line_1_37' title="bbox 0 0 1290 4476; baseline 0 1"><span class='ocrx_word' id='word_1_319' title='bbox 0 0 1290 4476; x_wconf 95' lang='lat' dir='ltr'><em> </em></span> 
     </span>
    </p>
   </div>
  </div>
 </body>
</html>
