<?xml version="1.0" encoding="UTF-8"?>
<!DOCTYPE html PUBLIC "-//W3C//DTD XHTML 1.0 Transitional//EN"
    "http://www.w3.org/TR/xhtml1/DTD/xhtml1-transitional.dtd">
<html xmlns="http://www.w3.org/1999/xhtml" xml:lang="en" lang="en">
 <head>
  <title>
</title>
<meta http-equiv="Content-Type" content="text/html;charset=utf-8" />
  <meta name='ocr-system' content='tesseract 3.04.00' />
  <meta name='ocr-capabilities' content='ocr_page ocr_carea ocr_par ocr_line ocrx_word'/>
</head>
<body>
  <div class='ocr_page' id='page_1' title='image "./isaeiorationesc01buergoog_0129.png"; bbox 0 0 2572 4476; ppageno 0'>
   <div class='ocr_carea' id='block_1_1' title="bbox 154 232 1259 301">
    <p class='ocr_par' dir='ltr' id='par_1_1' title="bbox 154 232 1259 301">
     <span class='ocr_line' id='line_1_1' title="bbox 154 232 1259 301; baseline -0.003 -6"><span class='ocrx_word' id='word_1_1' title='bbox 154 233 215 297; x_wconf 82' lang='grc'><em>106</em></span> <span class='ocrx_word' id='word_1_2' title='bbox 635 236 745 290; x_wconf 76' lang='grc' dir='ltr'><strong>ΙΣᾸΙΟΥ</strong></span> <span class='ocrx_word' id='word_1_3' title='bbox 906 232 910 244; x_wconf 85' lang='grc'><strong><em>’</em></strong></span> <span class='ocrx_word' id='word_1_4' title='bbox 1162 257 1196 301; x_wconf 78' lang='lat' dir='ltr'><em>or.</em></span> <span class='ocrx_word' id='word_1_5' title='bbox 1221 253 1259 298; x_wconf 75' lang='lat' dir='ltr'><em>s.</em></span> 
     </span>
    </p>
   </div>
   <div class='ocr_carea' id='block_1_2' title="bbox 93 391 1261 1964">
    <p class='ocr_par' dir='ltr' id='par_1_2' title="bbox 93 391 1261 1922">
     <span class='ocr_line' id='line_1_2' title="bbox 149 391 1240 496; baseline 0.002 -22"><span class='ocrx_word' id='word_1_6' title='bbox 149 407 280 496; x_wconf 86' lang='grc' dir='ltr'><em>κλείδην</em></span> <span class='ocrx_word' id='word_1_7' title='bbox 301 405 364 494; x_wconf 85' lang='grc' dir='ltr'><em>γὰρ</em></span> <span class='ocrx_word' id='word_1_8' title='bbox 387 401 529 495; x_wconf 77' lang='grc' dir='ltr'><em>ἄρχοντα</em></span> <span class='ocrx_word' id='word_1_9' title='bbox 550 405 739 493; x_wconf 76' lang='grc' dir='ltr'><em>γεγόναμεν.</em></span> <span class='ocrx_word' id='word_1_10' title='bbox 792 391 857 492; x_wconf 77' lang='grc' dir='ltr'><em>ἆρα</em></span> <span class='ocrx_word' id='word_1_11' title='bbox 878 409 956 493; x_wconf 84' lang='grc' dir='ltr'><em>περὶ</em></span> <span class='ocrx_word' id='word_1_12' title='bbox 979 412 1106 494; x_wconf 77' lang='grc' dir='ltr'><em>μικρῶν</em></span> <span class='ocrx_word' id='word_1_13' title='bbox 1128 435 1240 478; x_wconf 82' lang='grc' dir='ltr'><em>τινων</em></span> 
     </span>
     <span class='ocr_line' id='line_1_3' title="bbox 98 501 1235 595; baseline 0 -17"><span class='ocrx_word' id='word_1_14' title='bbox 98 521 137 578; x_wconf 77' lang='lat'><em>44</em></span> <span class='ocrx_word' id='word_1_15' title='bbox 150 505 229 595; x_wconf 83' lang='grc' dir='ltr'><em>ἡμῖν</em></span> <span class='ocrx_word' id='word_1_16' title='bbox 243 507 302 576; x_wconf 86' lang='grc' dir='ltr'><em>τὸν</em></span> <span class='ocrx_word' id='word_1_17' title='bbox 318 501 429 595; x_wconf 80' lang='grc' dir='ltr'><em>διγῶνα</em></span> <span class='ocrx_word' id='word_1_18' title='bbox 444 507 678 592; x_wconf 72' lang='grc' dir='ltr'><em>κατεσκεύακε,</em></span> <span class='ocrx_word' id='word_1_19' title='bbox 699 511 755 574; x_wconf 86' lang='grc' dir='ltr'><em>καὶ</em></span> <span class='ocrx_word' id='word_1_20' title='bbox 779 507 899 588; x_wconf 76' lang='grc' dir='ltr'><em>ζῶντος</em></span> <span class='ocrx_word' id='word_1_21' title='bbox 920 509 980 592; x_wconf 83' lang='grc' dir='ltr'><em>μὲν</em></span> <span class='ocrx_word' id='word_1_22' title='bbox 997 513 1057 577; x_wconf 85' lang='grc' dir='ltr'><em>τοῦ</em></span> <span class='ocrx_word' id='word_1_23' title='bbox 1080 510 1235 581; x_wconf 83' lang='grc' dir='ltr'><em>πάππου</em></span> 
     </span>
     <span class='ocr_line' id='line_1_4' title="bbox 146 604 1229 733; baseline 0.006 -56"><span class='ocrx_word' id='word_1_24' title='bbox 146 613 202 679; x_wconf 79' lang='grc' dir='ltr'><em>καὶ</em></span> <span class='ocrx_word' id='word_1_25' title='bbox 232 614 291 678; x_wconf 87' lang='grc' dir='ltr'><em>τού</em></span> <span class='ocrx_word' id='word_1_26' title='bbox 318 609 449 733; x_wconf 81' lang='grc' dir='ltr'><em>πριτρδς</em></span> <span class='ocrx_word' id='word_1_27' title='bbox 476 604 633 696; x_wconf 85' lang='grc' dir='ltr'><em>ούδεμίαν</em></span> <span class='ocrx_word' id='word_1_28' title='bbox 663 608 776 676; x_wconf 78' lang='grc' dir='ltr'><em>αἰτίαν</em></span> <span class='ocrx_word' id='word_1_29' title='bbox 804 607 944 696; x_wconf 81' lang='grc' dir='ltr'><em>ε’ίχομεν,</em></span> <span class='ocrx_word' id='word_1_30' title='bbox 974 604 1051 677; x_wconf 76' lang='grc' dir='ltr'><em>ἀλλ’</em></span> <span class='ocrx_word' id='word_1_31' title='bbox 1079 606 1229 704; x_wconf 77' lang='grc' dir='ltr'><em>ἀναμφι-</em></span> 
     </span>
     <span class='ocr_line' id='line_1_5' title="bbox 148 706 1228 802; baseline 0.006 -24"><span class='ocrx_word' id='word_1_32' title='bbox 148 711 356 802; x_wconf 83' lang='grc' dir='ltr'><em>σβήτητοι</em></span> <span class='ocrx_word' id='word_1_33' title='bbox 322 739 381 780; x_wconf 91' lang='grc' dir='ltr'><em>τον</em></span> <span class='ocrx_word' id='word_1_34' title='bbox 396 706 531 780; x_wconf 80' lang='grc' dir='ltr'><em>ύπαντα</em></span> <span class='ocrx_word' id='word_1_35' title='bbox 542 711 662 798; x_wconf 89' lang='grc' dir='ltr'><em>χρόνον</em></span> <span class='ocrx_word' id='word_1_36' title='bbox 678 711 926 797; x_wconf 84' lang='grc' dir='ltr'><em>διετελέσαμεν·</em></span> <span class='ocrx_word' id='word_1_37' title='bbox 950 711 1066 802; x_wconf 84' lang='grc' dir='ltr'><em>επειδή</em></span> <span class='ocrx_word' id='word_1_38' title='bbox 1092 714 1161 781; x_wconf 77' lang='grc' dir='ltr'><em>δὲ’</em></span> <span class='ocrx_word' id='word_1_39' title='bbox 1146 731 1228 784; x_wconf 87' lang='grc' dir='ltr'><em>εκεῖ-</em></span> 
     </span>
     <span class='ocr_line' id='line_1_6' title="bbox 147 810 1223 904; baseline 0.005 -22"><span class='ocrx_word' id='word_1_40' title='bbox 147 840 200 883; x_wconf 91' lang='grc' dir='ltr'><em>νοι</em></span> <span class='ocrx_word' id='word_1_41' title='bbox 231 814 497 904; x_wconf 79' lang='grc' dir='ltr'><em>τετελευτήκασι,</em></span> <span class='ocrx_word' id='word_1_42' title='bbox 530 841 590 882; x_wconf 88' lang='grc' dir='ltr'><em>κον</em></span> <span class='ocrx_word' id='word_1_43' title='bbox 624 817 681 882; x_wconf 86' lang='grc' dir='ltr'><em>νῦν</em></span> <span class='ocrx_word' id='word_1_44' title='bbox 710 813 904 902; x_wconf 84' lang='grc' dir='ltr'><em>νικήσωμεν,</em></span> <span class='ocrx_word' id='word_1_45' title='bbox 941 810 1140 894; x_wconf 70' lang='grc' dir='ltr'><em>ύνειδος”</em></span> <span class='ocrx_word' id='word_1_46' title='bbox 1102 843 1223 903; x_wconf 68' lang='grc' dir='ltr'><em>εςομεν,</em></span> 
     </span>
     <span class='ocr_line' id='line_1_7' title="bbox 147 909 1224 1008; baseline 0.002 -24"><span class='ocrx_word' id='word_1_47' title='bbox 147 917 235 984; x_wconf 91' lang='grc' dir='ltr'><em>διύτι</em></span> <span class='ocrx_word' id='word_1_48' title='bbox 256 911 573 1008; x_wconf 82' lang='grc' dir='ltr'><em>ήμφεσβητήθημεν,</em></span> <span class='ocrx_word' id='word_1_49' title='bbox 597 913 705 984; x_wconf 87' lang='grc' dir='ltr'><em>διὰ</em></span> <span class='ocrx_word' id='word_1_50' title='bbox 670 941 729 983; x_wconf 95' lang='grc' dir='ltr'><em>τον</em></span> <span class='ocrx_word' id='word_1_51' title='bbox 741 909 898 1007; x_wconf 78' lang='grc' dir='ltr'><em>Ὀρέστην</em></span> <span class='ocrx_word' id='word_1_52' title='bbox 912 919 1030 984; x_wconf 84' lang='grc' dir='ltr'><em>τοῦτον</em></span> <span class='ocrx_word' id='word_1_53' title='bbox 1044 916 1105 985; x_wconf 89' lang='grc' dir='ltr'><em>τὸν</em></span> <span class='ocrx_word' id='word_1_54' title='bbox 1121 925 1224 1000; x_wconf 76' lang='grc' dir='ltr'><em>κακῶς</em></span> 
     </span>
     <span class='ocr_line' id='line_1_8' title="bbox 147 1010 1261 1108; baseline 0.004 -23"><span class='ocrx_word' id='word_1_55' title='bbox 147 1013 387 1103; x_wconf 81' lang='grc' dir='ltr'><em>δπολούμενον,</em></span> <span class='ocrx_word' id='word_1_56' title='bbox 417 1019 455 1098; x_wconf 79' lang='grc' dir='ltr'><em>ὃς</em></span> <span class='ocrx_word' id='word_1_57' title='bbox 482 1017 599 1103; x_wconf 84' lang='grc' dir='ltr'><em>μοιχὸς</em></span> <span class='ocrx_word' id='word_1_58' title='bbox 622 1019 768 1108; x_wconf 81' lang='grc' dir='ltr'><em>ληφθεὶς</em></span> <span class='ocrx_word' id='word_1_59' title='bbox 791 1021 848 1086; x_wconf 88' lang='grc' dir='ltr'><em>καὶ</em></span> <span class='ocrx_word' id='word_1_60' title='bbox 869 1010 1039 1085; x_wconf 74' lang='grc' dir='ltr'><em>παθιδν”</em></span> <span class='ocrx_word' id='word_1_61' title='bbox 1019 1045 1037 1085; x_wconf 94' lang='grc' dir='ltr'><em>ο</em></span> <span class='ocrx_word' id='word_1_62' title='bbox 1061 1044 1097 1087; x_wconf 89' lang='grc' dir='ltr'><em>τι</em></span> <span class='ocrx_word' id='word_1_63' title='bbox 1119 1045 1223 1108; x_wconf 88' lang='grc' dir='ltr'><em>προσ·</em></span> <span class='ocrx_word' id='word_1_64' title='bbox 1249 1052 1261 1090; x_wconf 80' lang='grc' dir='ltr'><em>ι</em></span> 
     </span>
     <span class='ocr_line' id='line_1_9' title="bbox 145 1112 1261 1207; baseline 0.004 -20"><span class='ocrx_word' id='word_1_65' title='bbox 145 1120 217 1207; x_wconf 88' lang='grc' dir='ltr'><em>ήκει</em></span> <span class='ocrx_word' id='word_1_66' title='bbox 244 1118 323 1198; x_wconf 83' lang='grc' dir='ltr'><em>τούς</em></span> <span class='ocrx_word' id='word_1_67' title='bbox 351 1119 393 1186; x_wconf 81' lang='grc' dir='ltr'><em>τὰ</em></span> <span class='ocrx_word' id='word_1_68' title='bbox 423 1124 564 1188; x_wconf 87' lang='grc' dir='ltr'><em>τοιαῦτα</em></span> <span class='ocrx_word' id='word_1_69' title='bbox 593 1123 777 1198; x_wconf 82' lang='grc' dir='ltr'><em>ποιοῦντας</em></span> <span class='ocrx_word' id='word_1_70' title='bbox 806 1113 925 1186; x_wconf 67' lang='grc' dir='ltr'><em>ούδΗ</em></span> <span class='ocrx_word' id='word_1_71' title='bbox 904 1118 950 1199; x_wconf 76' lang='grc' dir='ltr'><em>οίς</em></span> <span class='ocrx_word' id='word_1_72' title='bbox 973 1112 1261 1192; x_wconf 62' lang='grc' dir='ltr'><em>οἰπαλλύττεταιη</em></span> 
     </span>
     <span class='ocr_line' id='line_1_10' title="bbox 143 1218 1261 1345; baseline 0.006 -58"><span class='ocrx_word' id='word_1_73' title='bbox 143 1224 204 1288; x_wconf 86' lang='grc' dir='ltr'><em>τοῦ</em></span> <span class='ocrx_word' id='word_1_74' title='bbox 218 1220 430 1345; x_wconf 83' lang='grc' dir='ltr'><em>πράγματος,</em></span> <span class='ocrx_word' id='word_1_75' title='bbox 454 1218 499 1301; x_wconf 83' lang='grc' dir='ltr'><em>ιύς</em></span> <span class='ocrx_word' id='word_1_76' title='bbox 522 1248 555 1289; x_wconf 93' lang='grc' dir='ltr'><em>οι</em></span> <span class='ocrx_word' id='word_1_77' title='bbox 545 1221 758 1306; x_wconf 53' lang='grc' dir='ltr'><em>(συνειδότες</em></span> <span class='ocrx_word' id='word_1_78' title='bbox 772 1225 1071 1341; x_wconf 80' lang='grc' dir='ltr'><em>καταμαρτυροῦσι.</em></span> <span class='ocrx_word' id='word_1_79' title='bbox 1107 1229 1261 1335; x_wconf 65' lang='lat' dir='ltr'><em>vofivov]</em></span> 
     </span>
     <span class='ocr_line' id='line_1_11' title="bbox 143 1309 1261 1417; baseline 0.006 -28"><span class='ocrx_word' id='word_1_80' title='bbox 143 1323 203 1408; x_wconf 79' lang='grc' dir='ltr'><em>μὲν</em></span> <span class='ocrx_word' id='word_1_81' title='bbox 187 1309 335 1404; x_wconf 86' lang='grc' dir='ltr'><em>νούν,ο</em></span> <span class='ocrx_word' id='word_1_82' title='bbox 317 1320 426 1401; x_wconf 72' lang='grc' dir='ltr'><em>οίύς’</em></span> <span class='ocrx_word' id='word_1_83' title='bbox 412 1345 493 1400; x_wconf 83' lang='grc' dir='ltr'><em>εστι,</em></span> <span class='ocrx_word' id='word_1_84' title='bbox 516 1325 572 1389; x_wconf 85' lang='grc' dir='ltr'><em>καὶ</em></span> <span class='ocrx_word' id='word_1_85' title='bbox 596 1326 651 1390; x_wconf 81' lang='grc' dir='ltr'><em>νῦν</em></span> <span class='ocrx_word' id='word_1_86' title='bbox 675 1316 810 1390; x_wconf 87' lang='grc' dir='ltr'><em>ακούετε</em></span> <span class='ocrx_word' id='word_1_87' title='bbox 832 1327 889 1391; x_wconf 85' lang='grc' dir='ltr'><em>καὶ</em></span> <span class='ocrx_word' id='word_1_88' title='bbox 912 1310 1015 1403; x_wconf 76' lang='grc' dir='ltr'><em>αὖθις</em></span> <span class='ocrx_word' id='word_1_89' title='bbox 1033 1317 1261 1417; x_wconf 76' lang='grc' dir='ltr'><em>ἆκριβέστε</em></span> 
     </span>
     <span class='ocr_line' id='line_1_12' title="bbox 145 1418 1260 1515; baseline 0.005 -24"><span class='ocrx_word' id='word_1_90' title='bbox 145 1450 203 1513; x_wconf 95' lang='grc' dir='ltr'><em>ρον</em></span> <span class='ocrx_word' id='word_1_91' title='bbox 225 1418 406 1506; x_wconf 66' lang='grc' dir='ltr'><em>πεύσεσθε,</em></span> <span class='ocrx_word' id='word_1_92' title='bbox 430 1418 510 1493; x_wconf 79' lang='grc' dir='ltr'><em>ὅταν</em></span> <span class='ocrx_word' id='word_1_93' title='bbox 532 1419 605 1491; x_wconf 74' lang='grc' dir='ltr'><em>κατ’</em></span> <span class='ocrx_word' id='word_1_94' title='bbox 626 1418 727 1493; x_wconf 84' lang='grc' dir='ltr'><em>αύτοῦ</em></span> <span class='ocrx_word' id='word_1_95' title='bbox 741 1423 801 1514; x_wconf 84' lang='grc' dir='ltr'><em>τὴν</em></span> <span class='ocrx_word' id='word_1_96' title='bbox 824 1422 950 1515; x_wconf 51' lang='grc' dir='ltr'><em>δίκην(</em></span> <span class='ocrx_word' id='word_1_97' title='bbox 931 1440 1028 1514; x_wconf 91' lang='grc' dir='ltr'><em>ημεῑς</em></span> <span class='ocrx_word' id='word_1_98' title='bbox 1050 1422 1260 1514; x_wconf 81' lang='grc' dir='ltr'><em>εἰσίωμεν</em></span> 
     </span>
     <span class='ocr_line' id='line_1_13' title="bbox 93 1519 1261 1650; baseline 0.003 -53"><span class='ocrx_word' id='word_1_99' title='bbox 93 1521 292 1650; x_wconf 64' lang='grc' dir='ltr'><em>ὥδμωνδ</em></span> <span class='ocrx_word' id='word_1_100' title='bbox 320 1525 382 1614; x_wconf 76' lang='grc' dir='ltr'><em>ἐγώ</em></span> <span class='ocrx_word' id='word_1_101' title='bbox 413 1528 533 1612; x_wconf 84' lang='grc' dir='ltr'><em>δέομαι</em></span> <span class='ocrx_word' id='word_1_102' title='bbox 559 1531 615 1595; x_wconf 89' lang='grc' dir='ltr'><em>καὶ</em></span> <span class='ocrx_word' id='word_1_103' title='bbox 639 1526 786 1610; x_wconf 81' lang='grc' dir='ltr'><em>ἱκετεύω,</em></span> <span class='ocrx_word' id='word_1_104' title='bbox 815 1528 860 1618; x_wconf 93' lang='grc' dir='ltr'><em>μή</em></span> <span class='ocrx_word' id='word_1_105' title='bbox 884 1553 927 1613; x_wconf 90' lang='grc' dir='ltr'><em>με</em></span> <span class='ocrx_word' id='word_1_106' title='bbox 947 1529 1123 1620; x_wconf 87' lang='grc' dir='ltr'><em>περιίδητε</em></span> <span class='ocrx_word' id='word_1_107' title='bbox 1145 1519 1261 1620; x_wconf 82' lang='grc' dir='ltr'><em>περὶ</em></span> 
     </span>
     <span class='ocr_line' id='line_1_14' title="bbox 142 1623 1261 1721; baseline 0.004 -25"><span class='ocrx_word' id='word_1_108' title='bbox 142 1630 270 1698; x_wconf 88' lang='grc' dir='ltr'><em>τούτων</em></span> <span class='ocrx_word' id='word_1_109' title='bbox 291 1626 498 1719; x_wconf 76' lang='grc' dir='ltr'><em>ὑβρισθέντα</em></span> <span class='ocrx_word' id='word_1_110' title='bbox 512 1633 579 1698; x_wconf 80' lang='grc' dir='ltr'><em>τῶν</em></span> <span class='ocrx_word' id='word_1_111' title='bbox 598 1630 777 1721; x_wconf 83' lang='grc' dir='ltr'><em>χρημάτων</em></span> <span class='ocrx_word' id='word_1_112' title='bbox 792 1623 838 1696; x_wconf 82' lang='grc' dir='ltr'><em>ὦν</em></span> <span class='ocrx_word' id='word_1_113' title='bbox 853 1625 871 1697; x_wconf 88' lang='grc' dir='ltr'><em>δ</em></span> <span class='ocrx_word' id='word_1_114' title='bbox 889 1629 1035 1710; x_wconf 83' lang='grc' dir='ltr'><em>πάππος</em></span> <span class='ocrx_word' id='word_1_115' title='bbox 1054 1629 1261 1715; x_wconf 84' lang='grc' dir='ltr'><em>κατέλιπε,</em></span> <span class='ocrx_word' id='word_1_116' title='bbox 1258 1662 1259 1666; x_wconf 66' lang='grc'>’</span> 
     </span>
     <span class='ocr_line' id='line_1_15' title="bbox 142 1724 1222 1863; baseline 0.005 -65"><span class='ocrx_word' id='word_1_117' title='bbox 142 1724 222 1856; x_wconf 84' lang='grc' dir='ltr'><em>μηδ</em></span> <span class='ocrx_word' id='word_1_118' title='bbox 255 1724 546 1853; x_wconf 82' lang='grc' dir='ltr'><em>ἆποστερηθέντα,</em></span> <span class='ocrx_word' id='word_1_119' title='bbox 576 1726 661 1800; x_wconf 76' lang='grc' dir='ltr'><em>ἀλλὰ</em></span> <span class='ocrx_word' id='word_1_120' title='bbox 688 1731 884 1860; x_wconf 82' lang='grc' dir='ltr'><em>βρηθήσατε</em></span> <span class='ocrx_word' id='word_1_121' title='bbox 910 1726 993 1799; x_wconf 76' lang='grc' dir='ltr'><em>καθ’</em></span> <span class='ocrx_word' id='word_1_122' title='bbox 1020 1727 1102 1801; x_wconf 78' lang='grc' dir='ltr'><em>ὅσον</em></span> <span class='ocrx_word' id='word_1_123' title='bbox 1130 1732 1222 1863; x_wconf 77' lang='grc' dir='ltr'><em>ήμων</em></span> 
     </span>
     <span class='ocr_line' id='line_1_16' title="bbox 144 1832 1261 1964; baseline 0.006 -65"><span class='ocrx_word' id='word_1_124' title='bbox 144 1832 279 1912; x_wconf 75' lang='grc' dir='ltr'><em>ἕκαστος</em></span> <span class='ocrx_word' id='word_1_125' title='bbox 301 1834 454 1922; x_wconf 81' lang='grc' dir='ltr'><em>τυγχάνει</em></span> <span class='ocrx_word' id='word_1_126' title='bbox 477 1834 666 1920; x_wconf 82' lang='grc' dir='ltr'><em>δυνάμενος.</em></span> <span class='ocrx_word' id='word_1_127' title='bbox 715 1837 805 1918; x_wconf 90' lang='grc' dir='ltr'><em>εχετε</em></span> <span class='ocrx_word' id='word_1_128' title='bbox 827 1835 927 1902; x_wconf 83' lang='grc' dir='ltr'><em>δὲί</em></span> <span class='ocrx_word' id='word_1_129' title='bbox 885 1860 912 1901; x_wconf 91' lang='grc' dir='ltr'><em>π</em></span> <span class='ocrx_word' id='word_1_130' title='bbox 915 1841 1018 1914; x_wconf 89' lang='grc' dir='ltr'><em>ίστεις</em></span> <span class='ocrx_word' id='word_1_131' title='bbox 1049 1837 1167 1964; x_wconf 69' lang='grc' dir='ltr'><em>ἱκανής</em></span> <span class='ocrx_word' id='word_1_132' title='bbox 1190 1838 1222 1906; x_wconf 76' lang='grc' dir='ltr'><em>ἐκ</em></span> <span class='ocrx_word' id='word_1_133' title='bbox 1257 1839 1261 1871; x_wconf 75' lang='lat'>⁴</span> 
     </span>
    </p>
   </div>
   <div class='ocr_carea' id='block_1_3' title="bbox 140 2031 1261 2269">
    <p class='ocr_par' dir='ltr' id='par_1_3' title="bbox 140 2031 1261 2260">
     <span class='ocr_line' id='line_1_17' title="bbox 140 2031 1261 2163; baseline 0.007 -63"><span class='ocrx_word' id='word_1_134' title='bbox 140 2031 188 2118; x_wconf 87' lang='grc' dir='ltr'><em>(εκ</em></span> <span class='ocrx_word' id='word_1_135' title='bbox 189 2035 201 2120; x_wconf 93' lang='grc'>)</span> <span class='ocrx_word' id='word_1_136' title='bbox 155 2034 399 2123; x_wconf 87' lang='grc' dir='ltr'><em>εκθυγατρδς</em></span> <span class='ocrx_word' id='word_1_137' title='bbox 425 2043 563 2126; x_wconf 78' lang='grc' dir='ltr'><em>γνησίας</em></span> <span class='ocrx_word' id='word_1_138' title='bbox 590 2043 756 2123; x_wconf 84' lang='grc' dir='ltr'><em>Κίρωνος,</em></span> <span class='ocrx_word' id='word_1_139' title='bbox 787 2041 843 2104; x_wconf 84' lang='grc' dir='ltr'><em>καὶ</em></span> <span class='ocrx_word' id='word_1_140' title='bbox 870 2031 924 2106; x_wconf 79' lang='grc' dir='ltr'><em>ὅτι</em></span> <span class='ocrx_word' id='word_1_141' title='bbox 953 2041 1116 2163; x_wconf 91' lang='grc' dir='ltr'><em>προσήκει</em></span> <span class='ocrx_word' id='word_1_142' title='bbox 1142 2039 1220 2130; x_wconf 82' lang='grc' dir='ltr'><em>ἡμῖν</em></span> <span class='ocrx_word' id='word_1_143' title='bbox 1259 2040 1261 2063; x_wconf 70' lang='lat'>³</span> 
     </span>
     <span class='ocr_line' id='line_1_18' title="bbox 140 2129 1219 2269; baseline 0.007 -66"><span class='ocrx_word' id='word_1_144' title='bbox 140 2129 310 2222; x_wconf 80' lang='grc' dir='ltr'><em>μᾶλλον</em></span> <span class='ocrx_word' id='word_1_145' title='bbox 288 2165 311 2260; x_wconf 91' lang='grc' dir='ltr'><em>η</em></span> <span class='ocrx_word' id='word_1_146' title='bbox 331 2140 463 2218; x_wconf 85' lang='grc' dir='ltr'><em>τούτοις</em></span> <span class='ocrx_word' id='word_1_147' title='bbox 484 2142 700 2230; x_wconf 87' lang='grc' dir='ltr'><em>κληρονομεῖν</em></span> <span class='ocrx_word' id='word_1_148' title='bbox 721 2166 789 2208; x_wconf 92' lang='grc' dir='ltr'><em>των</em></span> <span class='ocrx_word' id='word_1_149' title='bbox 812 2139 936 2208; x_wconf 76' lang='grc' dir='ltr'><em>ἐκείνου</em></span> <span class='ocrx_word' id='word_1_150' title='bbox 955 2143 1219 2269; x_wconf 84' lang='grc' dir='ltr'><em>χρημάτων,εκ</em></span> 
     </span>
    </p>
   </div>
   <div class='ocr_carea' id='block_1_4' title="bbox 90 2230 1219 2905">
    <p class='ocr_par' dir='ltr' id='par_1_4' title="bbox 90 2230 1219 2905">
     <span class='ocr_line' id='line_1_19' title="bbox 90 2230 1219 2415; baseline 0.001 -103"><span class='ocrx_word' id='word_1_151' title='bbox 90 2239 253 2326; x_wconf 78' lang='grc' dir='ltr'><em>4δγύνοις</em></span> <span class='ocrx_word' id='word_1_152' title='bbox 275 2265 350 2311; x_wconf 91' lang='grc' dir='ltr'><em>οοσι</em></span> <span class='ocrx_word' id='word_1_153' title='bbox 370 2248 429 2311; x_wconf 82' lang='grc' dir='ltr'><em>τοῦ</em></span> <span class='ocrx_word' id='word_1_154' title='bbox 452 2243 610 2311; x_wconf 86' lang='grc' dir='ltr'><em>πάππου.</em></span> <span class='ocrx_word' id='word_1_155' title='bbox 649 2248 859 2415; x_wconf 70' lang='grc' dir='ltr'><em>μνησθέντες</em></span> <span class='ocrx_word' id='word_1_156' title='bbox 874 2230 931 2312; x_wconf 86' lang='grc' dir='ltr'><em>σύν</em></span> <span class='ocrx_word' id='word_1_157' title='bbox 953 2248 1009 2312; x_wconf 85' lang='grc' dir='ltr'><em>καὶ</em></span> <span class='ocrx_word' id='word_1_158' title='bbox 1030 2249 1097 2311; x_wconf 80' lang='grc' dir='ltr'><em>των</em></span> <span class='ocrx_word' id='word_1_159' title='bbox 1113 2238 1219 2335; x_wconf 78' lang='grc' dir='ltr'><em>ὅρκων</em></span> 
     </span>
     <span class='ocr_line' id='line_1_20' title="bbox 140 2338 1217 2435; baseline 0.006 -27"><span class='ocrx_word' id='word_1_160' title='bbox 140 2341 198 2420; x_wconf 82' lang='grc' dir='ltr'><em>ούς</em></span> <span class='ocrx_word' id='word_1_161' title='bbox 220 2338 403 2428; x_wconf 85' lang='grc' dir='ltr'><em>δμοσαντες</em></span> <span class='ocrx_word' id='word_1_162' title='bbox 427 2344 582 2429; x_wconf 85' lang='grc' dir='ltr'><em>δικάζετε,</em></span> <span class='ocrx_word' id='word_1_163' title='bbox 605 2350 662 2415; x_wconf 84' lang='grc' dir='ltr'><em>καὶ</em></span> <span class='ocrx_word' id='word_1_164' title='bbox 675 2373 743 2414; x_wconf 89' lang='grc' dir='ltr'><em>των</em></span> <span class='ocrx_word' id='word_1_165' title='bbox 765 2344 919 2434; x_wconf 91' lang='grc' dir='ltr'><em>λόγων</em></span> <span class='ocrx_word' id='word_1_166' title='bbox 887 2344 944 2424; x_wconf 90' lang='grc' dir='ltr'><em>ούς</em></span> <span class='ocrx_word' id='word_1_167' title='bbox 960 2345 1144 2435; x_wconf 82' lang='grc' dir='ltr'><em>εἰρήκαμεν,</em></span> <span class='ocrx_word' id='word_1_168' title='bbox 1163 2351 1217 2414; x_wconf 87' lang='grc' dir='ltr'><em>καί</em></span> 
     </span>
     <span class='ocr_line' id='line_1_21' title="bbox 138 2441 1175 2537; baseline 0.007 -28"><span class='ocrx_word' id='word_1_169' title='bbox 138 2446 205 2510; x_wconf 81' lang='grc' dir='ltr'><em>τῶν</em></span> <span class='ocrx_word' id='word_1_170' title='bbox 229 2441 391 2529; x_wconf 91' lang='grc' dir='ltr'><em>νόμων,</em></span> <span class='ocrx_word' id='word_1_171' title='bbox 370 2474 390 2532; x_wconf 81' lang='grc' dir='ltr'><em>ῃ</em></span> <span class='ocrx_word' id='word_1_172' title='bbox 415 2448 544 2515; x_wconf 84' lang='grc' dir='ltr'><em>δίκαιόν</em></span> <span class='ocrx_word' id='word_1_173' title='bbox 567 2447 647 2529; x_wconf 78' lang='grc' dir='ltr'><em>ἐστι,</em></span> <span class='ocrx_word' id='word_1_174' title='bbox 670 2447 773 2535; x_wconf 82' lang='grc' dir='ltr'><em>ταύτῃ</em></span> <span class='ocrx_word' id='word_1_175' title='bbox 795 2448 855 2537; x_wconf 88' lang='grc' dir='ltr'><em>τήν</em></span> <span class='ocrx_word' id='word_1_176' title='bbox 877 2452 995 2537; x_wconf 79' lang='grc' dir='ltr'><em>ψῆφον</em></span> <span class='ocrx_word' id='word_1_177' title='bbox 1016 2454 1175 2516; x_wconf 85' lang='grc' dir='ltr'><em>τίθεσθε.</em></span> 
     </span>
     <span class='ocr_line' id='line_1_22' title="bbox 229 2538 1216 2635; baseline 0.007 -24"><span class='ocrx_word' id='word_1_178' title='bbox 229 2539 297 2611; x_wconf 88' lang='grc' dir='ltr'><em>Ούκ</em></span> <span class='ocrx_word' id='word_1_179' title='bbox 319 2541 386 2612; x_wconf 52' lang='grc' dir='ltr'><em>οίδ)</em></span> <span class='ocrx_word' id='word_1_180' title='bbox 406 2538 425 2612; x_wconf 78' lang='grc' dir='ltr'><em>δ’</em></span> <span class='ocrx_word' id='word_1_181' title='bbox 446 2572 481 2612; x_wconf 88' lang='grc' dir='ltr'><em>τι</em></span> <span class='ocrx_word' id='word_1_182' title='bbox 503 2547 555 2613; x_wconf 90' lang='grc' dir='ltr'><em>δεῖ</em></span> <span class='ocrx_word' id='word_1_183' title='bbox 570 2550 678 2614; x_wconf 90' lang='grc' dir='ltr'><em>πλείω</em></span> <span class='ocrx_word' id='word_1_184' title='bbox 702 2551 824 2635; x_wconf 85' lang='grc' dir='ltr'><em>λέγειν·</em></span> <span class='ocrx_word' id='word_1_185' title='bbox 848 2546 943 2631; x_wconf 83' lang='grc' dir='ltr'><em>οἶμαι</em></span> <span class='ocrx_word' id='word_1_186' title='bbox 965 2548 1028 2634; x_wconf 83' lang='grc' dir='ltr'><em>γὰρ</em></span> <span class='ocrx_word' id='word_1_187' title='bbox 1051 2546 1138 2633; x_wconf 87' lang='grc' dir='ltr'><em>ύμᾶς</em></span> <span class='ocrx_word' id='word_1_188' title='bbox 1161 2545 1216 2618; x_wconf 86' lang='grc' dir='ltr'><em>ού-</em></span> 
     </span>
     <span class='ocr_line' id='line_1_23' title="bbox 139 2637 1217 2736; baseline 0.005 -26"><span class='ocrx_word' id='word_1_189' title='bbox 139 2644 194 2712; x_wconf 81' lang='grc' dir='ltr'><em>δὲν</em></span> <span class='ocrx_word' id='word_1_190' title='bbox 216 2637 346 2732; x_wconf 73' lang='grc' dir='ltr'><em>ἀγνοεῖν</em></span> <span class='ocrx_word' id='word_1_191' title='bbox 367 2649 434 2711; x_wconf 79' lang='grc' dir='ltr'><em>τῶν</em></span> <span class='ocrx_word' id='word_1_192' title='bbox 457 2646 649 2734; x_wconf 83' lang='grc' dir='ltr'><em>εἰρημένων.</em></span> <span class='ocrx_word' id='word_1_193' title='bbox 689 2649 789 2732; x_wconf 76' lang='grc' dir='ltr'><em>Λαβὲ</em></span> <span class='ocrx_word' id='word_1_194' title='bbox 812 2642 846 2713; x_wconf 79' lang='grc' dir='ltr'><em>δ’</em></span> <span class='ocrx_word' id='word_1_195' title='bbox 873 2643 986 2724; x_wconf 87' lang='grc' dir='ltr'><em>αύτοῖς</em></span> <span class='ocrx_word' id='word_1_196' title='bbox 1007 2647 1067 2732; x_wconf 88' lang='grc' dir='ltr'><em>τήν</em></span> <span class='ocrx_word' id='word_1_197' title='bbox 1088 2676 1217 2736; x_wconf 83' lang='grc' dir='ltr'><em>μαρτυ-</em></span> 
     </span>
     <span class='ocr_line' id='line_1_24' title="bbox 139 2740 1108 2837; baseline 0.001 -25"><span class='ocrx_word' id='word_1_198' title='bbox 139 2751 215 2832; x_wconf 89' lang='grc' dir='ltr'><em>ρίαν</em></span> <span class='ocrx_word' id='word_1_199' title='bbox 236 2743 296 2836; x_wconf 87' lang='grc' dir='ltr'><em>τήν</em></span> <span class='ocrx_word' id='word_1_200' title='bbox 317 2745 447 2836; x_wconf 89' lang='grc' dir='ltr'><em>λοιπήν,</em></span> <span class='ocrx_word' id='word_1_201' title='bbox 472 2743 518 2825; x_wconf 78' lang='grc' dir='ltr'><em>ὠς</em></span> <span class='ocrx_word' id='word_1_202' title='bbox 540 2746 674 2837; x_wconf 72' lang='grc' dir='ltr'><em>ἐλήφθη</em></span> <span class='ocrx_word' id='word_1_203' title='bbox 695 2747 822 2831; x_wconf 88' lang='grc' dir='ltr'><em>μοιχός,</em></span> <span class='ocrx_word' id='word_1_204' title='bbox 845 2749 900 2813; x_wconf 81' lang='grc' dir='ltr'><em>καί</em></span> <span class='ocrx_word' id='word_1_205' title='bbox 924 2740 1108 2833; x_wconf 82' lang='grc' dir='ltr'><em>ἀνάγνωθι.</em></span> 
     </span>
     <span class='ocr_line' id='line_1_25' title="bbox 569 2852 784 2905; baseline -0.005 0"><span class='ocrx_word' id='word_1_206' title='bbox 569 2852 784 2905; x_wconf 77' lang='grc' dir='ltr'><strong>ΜΑΡΤΥΡΙΑ.</strong></span> 
     </span>
    </p>
   </div>
   <div class='ocr_carea' id='block_1_5' title="bbox 135 3014 1216 3341">
    <p class='ocr_par' dir='ltr' id='par_1_5' title="bbox 135 3014 1216 3341">
     <span class='ocr_line' id='line_1_26' title="bbox 223 3014 1216 3088; baseline -0.002 -11"><span class='ocrx_word' id='word_1_207' title='bbox 223 3020 268 3077; x_wconf 78' lang='grc'><em>44.</em></span> <span class='ocrx_word' id='word_1_208' title='bbox 287 3025 303 3074; x_wconf 84' lang='grc'>4</span> <span class='ocrx_word' id='word_1_209' title='bbox 322 3017 467 3088; x_wconf 84' lang='grc' dir='ltr'><em>νικήσομεν</em></span> <span class='ocrx_word' id='word_1_210' title='bbox 485 3035 530 3087; x_wconf 69' lang='grc' dir='ltr'><em>ρο,</em></span> <span class='ocrx_word' id='word_1_211' title='bbox 553 3037 618 3072; x_wconf 85' lang='lat' dir='ltr'><strong>corr.</strong></span> <span class='ocrx_word' id='word_1_212' title='bbox 637 3023 652 3072; x_wconf 80' lang='lat'>2</span> <span class='ocrx_word' id='word_1_213' title='bbox 674 3048 708 3058; x_wconf 94' lang='lat'>—</span> <span class='ocrx_word' id='word_1_214' title='bbox 730 3023 745 3071; x_wconf 84' lang='grc' dir='ltr'><em>’ί</em></span> <span class='ocrx_word' id='word_1_215' title='bbox 763 3014 970 3072; x_wconf 68' lang='grc' dir='ltr'><em>ἀπαλλάττεται</em></span> <span class='ocrx_word' id='word_1_216' title='bbox 988 3035 1033 3087; x_wconf 72' lang='grc' dir='ltr'><em>ρο,</em></span> <span class='ocrx_word' id='word_1_217' title='bbox 1047 3036 1121 3075; x_wconf 46' lang='grc' dir='ltr'><em>ἱεστι.</em></span> <span class='ocrx_word' id='word_1_218' title='bbox 1143 3027 1156 3076; x_wconf 89' lang='grc'>1</span> <span class='ocrx_word' id='word_1_219' title='bbox 1182 3055 1216 3064; x_wconf 97' lang='grc'>-</span> 
     </span>
     <span class='ocr_line' id='line_1_27' title="bbox 140 3101 1215 3173; baseline -0.001 -12"><span class='ocrx_word' id='word_1_220' title='bbox 140 3111 171 3161; x_wconf 82' lang='lat'><em>10</em></span> <span class='ocrx_word' id='word_1_221' title='bbox 190 3106 345 3161; x_wconf 73' lang='grc' dir='ltr'><em>πεύσεσθαι</em></span> <span class='ocrx_word' id='word_1_222' title='bbox 357 3121 403 3173; x_wconf 71' lang='grc' dir='ltr'><em>με,</em></span> <span class='ocrx_word' id='word_1_223' title='bbox 421 3119 485 3156; x_wconf 84' lang='lat' dir='ltr'><strong>corr.</strong></span> <span class='ocrx_word' id='word_1_224' title='bbox 497 3107 522 3158; x_wconf 76' lang='grc' dir='ltr'><em>λ.</em></span> <span class='ocrx_word' id='word_1_225' title='bbox 572 3104 619 3162; x_wconf 78' lang='lat'><em>45.</em></span> <span class='ocrx_word' id='word_1_226' title='bbox 638 3109 653 3158; x_wconf 80' lang='lat'><strong>3</strong></span> <span class='ocrx_word' id='word_1_227' title='bbox 671 3101 838 3171; x_wconf 75' lang='grc' dir='ltr'><em>βοηθ.’σατε</em></span> <span class='ocrx_word' id='word_1_228' title='bbox 850 3122 896 3172; x_wconf 73' lang='grc' dir='ltr'><em>με,</em></span> <span class='ocrx_word' id='word_1_229' title='bbox 915 3122 978 3158; x_wconf 82' lang='lat' dir='ltr'>corr.</span> <span class='ocrx_word' id='word_1_230' title='bbox 994 3110 1005 3159; x_wconf 82' lang='lat'>1</span> <span class='ocrx_word' id='word_1_231' title='bbox 1024 3134 1059 3144; x_wconf 92' lang='lat'><em>-</em></span> <span class='ocrx_word' id='word_1_232' title='bbox 1076 3110 1092 3159; x_wconf 83' lang='lat'>6</span> <span class='ocrx_word' id='word_1_233' title='bbox 1110 3107 1141 3158; x_wconf 72' lang='grc' dir='ltr'><em>ἐκ</em></span> <span class='ocrx_word' id='word_1_234' title='bbox 1156 3109 1215 3163; x_wconf 79' lang='grc' dir='ltr'><em>εδδ.</em></span> 
     </span>
     <span class='ocr_line' id='line_1_28' title="bbox 137 3179 1143 3261; baseline 0.001 -19"><span class='ocrx_word' id='word_1_235' title='bbox 137 3191 196 3246; x_wconf 82' lang='lat' dir='ltr'>Dbr.</span> <span class='ocrx_word' id='word_1_236' title='bbox 216 3220 247 3231; x_wconf 94' lang='lat'>-</span> <span class='ocrx_word' id='word_1_237' title='bbox 272 3194 296 3244; x_wconf 72' lang='grc' dir='ltr'><em>τ.</em></span> <span class='ocrx_word' id='word_1_238' title='bbox 315 3194 330 3244; x_wconf 81' lang='grc'>8</span> <span class='ocrx_word' id='word_1_239' title='bbox 348 3187 471 3260; x_wconf 66' lang='grc' dir='ltr'><em>εγύνοιτ</em></span> <span class='ocrx_word' id='word_1_240' title='bbox 488 3205 535 3256; x_wconf 77' lang='grc' dir='ltr'><em>ρο,</em></span> <span class='ocrx_word' id='word_1_241' title='bbox 557 3191 619 3261; x_wconf 84' lang='grc' dir='ltr'><em>γὶο</em></span> <span class='ocrx_word' id='word_1_242' title='bbox 636 3204 684 3242; x_wconf 81' lang='lat' dir='ltr'>ras.</span> <span class='ocrx_word' id='word_1_243' title='bbox 704 3204 768 3242; x_wconf 81' lang='lat' dir='ltr'>corr.</span> <span class='ocrx_word' id='word_1_244' title='bbox 788 3193 800 3242; x_wconf 92' lang='lat'>1</span> <span class='ocrx_word' id='word_1_245' title='bbox 825 3219 860 3228; x_wconf 93' lang='lat'>—</span> <span class='ocrx_word' id='word_1_246' title='bbox 882 3194 897 3243; x_wconf 93' lang='lat'>8</span> <span class='ocrx_word' id='word_1_247' title='bbox 915 3179 976 3243; x_wconf 79' lang='grc' dir='ltr'><em>ούσι</em></span> <span class='ocrx_word' id='word_1_248' title='bbox 998 3191 1024 3242; x_wconf 83' lang='grc' dir='ltr'><em>ἱο</em></span> <span class='ocrx_word' id='word_1_249' title='bbox 1049 3206 1100 3258; x_wconf 76' lang='grc' dir='ltr'><em>ως.</em></span> <span class='ocrx_word' id='word_1_250' title='bbox 1120 3194 1143 3244; x_wconf 91' lang='grc'><em>1.</em></span> 
     </span>
     <span class='ocr_line' id='line_1_29' title="bbox 135 3273 1014 3341; baseline -0.002 -11"><span class='ocrx_word' id='word_1_251' title='bbox 135 3273 181 3330; x_wconf 70' lang='grc'><em>46.</em></span> <span class='ocrx_word' id='word_1_252' title='bbox 200 3278 215 3328; x_wconf 88' lang='grc'>3</span> <span class='ocrx_word' id='word_1_253' title='bbox 233 3273 371 3326; x_wconf 82' lang='grc' dir='ltr'><em>τίθεσθαι</em></span> <span class='ocrx_word' id='word_1_254' title='bbox 389 3289 435 3340; x_wconf 75' lang='grc' dir='ltr'><em>με,</em></span> <span class='ocrx_word' id='word_1_255' title='bbox 452 3292 466 3324; x_wconf 82' lang='grc' dir='ltr'><em>ε</em></span> <span class='ocrx_word' id='word_1_256' title='bbox 483 3290 560 3341; x_wconf 81' lang='lat' dir='ltr'>supra</span> <span class='ocrx_word' id='word_1_257' title='bbox 579 3294 607 3324; x_wconf 87' lang='grc' dir='ltr'><em>αι</em></span> <span class='ocrx_word' id='word_1_258' title='bbox 624 3273 682 3327; x_wconf 83' lang='lat' dir='ltr'><strong>add.</strong></span> <span class='ocrx_word' id='word_1_259' title='bbox 703 3277 714 3326; x_wconf 91' lang='lat' dir='ltr'>l</span> <span class='ocrx_word' id='word_1_260' title='bbox 735 3303 768 3314; x_wconf 98' lang='lat'>-</span> <span class='ocrx_word' id='word_1_261' title='bbox 786 3277 801 3325; x_wconf 80' lang='lat'><strong>7</strong></span> <span class='ocrx_word' id='word_1_262' title='bbox 820 3275 859 3326; x_wconf 79' lang='lat' dir='ltr'><strong>tit.</strong></span> <span class='ocrx_word' id='word_1_263' title='bbox 878 3274 935 3327; x_wconf 82' lang='grc' dir='ltr'><em>αδδ.</em></span> <span class='ocrx_word' id='word_1_264' title='bbox 953 3273 1014 3328; x_wconf 87' lang='lat' dir='ltr'>Rsk.</span> 
     </span>
    </p>
   </div>
   <div class='ocr_carea' id='block_1_6' title="bbox 0 0 1290 4476">
    <p class='ocr_par' dir='ltr' id='par_1_6' title="bbox 0 0 1290 4476">
     <span class='ocr_line' id='line_1_30' title="bbox 0 0 1290 4476; baseline 0 5"><span class='ocrx_word' id='word_1_265' title='bbox 0 0 1290 4476; x_wconf 95' lang='lat' dir='ltr'><em> </em></span> 
     </span>
    </p>
   </div>
  </div>
 </body>
</html>
