2572 4476
67 142 138 257 6²⁸·
368 185 444 240 ΠΕΡΙ
461 185 525 240 ΤΟΥ
542 185 728 241 ΑΣΤΥΦΙΛΟΥ
745 186 882 241 uapor.
1098 186 1158 246 115

66 356 123 424 ἵνα
145 358 293 442 μετέχοι
318 358 378 444 τῆς
405 361 591 433 κοινωνίας.
642 348 738 423 αύτολ
766 347 841 420 δΗ
824 369 901 439 υμῖν
931 357 963 424 οί
986 361 1158 427 θιασῶται

64 455 360 545 μαρτυρήσουσιν.

506 560 729 613 ΜΑΡΤΥΡΕΣ.

146 592 240 731 '1676
266 643 312 724 66,
332 627 384 726 Ι
357 668 384 708 ω
408 636 533 729 ἄνδρες,
557 637 604 721 ῶς
627 642 794 730 διεκείμην
811 640 898 730 πρὸς
919 640 977 708 τὸν
1001 636 1157 732 ἀδελφόν,

58 748 269 832 σκέψασθε.
320 743 537 832 πρῶτονμὲν
565 742 629 833 γὰρ
653 741 859 831 συνετράφην
882 740 994 831 ίκείνφ
1018 743 1053 810 ἐκ
1074 770 1157 813 παι-

57 848 150 931 δίου,
177 845 308 914 ἐ’πειτα
331 839 493 912 οὐδέποτε
515 843 679 934 διάφορος
699 842 864 933 ἐγενόμην,
889 837 963 909 ἀλλ’
988 839 1156 933 ἠσπάζετό

54 975 109 1035 με,
138 944 193 1027 ῶς
220 947 337 1015 ἰ’σασιν
352 947 386 1013 οἱ
408 946 526 1014 οἰκεῖοι
541 940 664 1025 πάντες
687 946 720 1012 οἱ
741 942 897 1034 ἡμέτεροι
915 949 971 1013 καί
995 948 1028 1015 οἱ
1043 950 1157 1037 φίλοι·

56 1050 119 1133 οὓς
142 1048 327 1137 βούλομαι
348 1044 617 1135 ύμῑνμύρτυρας
639 1041 853 1133 ἀναβιβάσαι.

505 1169 728 1222 ΜΑΡΤΥΡΕΣ.

154 1257 273 1321 Δοκεῖ
293 1241 333 1318 ῶν
357 1238 414 1319 ούν
434 1247 512 1336 ύμῖν
533 1245 743 1340 Ἀστύφιλος,
766 1237 792 1317 ῶ
816 1246 940 1342 ἄνδρες,
970 1248 1076 1333 ούτως
1096 1257 1156 1341 μὲν
1173 1264 1209 1325 81

57 1359 182 1443 μισῶν
210 1355 367 1435 Κλέωνα,
398 1356 545 1420 τοσαῦτα
574 1346 606 1418 6’
634 1347 749 1439 ἀγαθὰ
770 1349 836 1420 ύπδ
866 1359 926 1421 τοῦ
947 1355 1077 1443 πατρὸς
1098 1361 1157 1424 τού

56 1458 147 1544 ἐμοῦ
173 1454 385 1538 πεπονθώς,
416 1449 515 1533 αύτδς
536 1457 603 1520 τῶν
627 1451 757 1542 ἐχθρῶν
780 1450 820 1521 ύν
846 1480 937 1534 τινος
959 1456 1032 1522 υίδν
1054 1458 1156 1545 ποιή-

56 1548 211 1628 σασθαι
231 1547 254 1646 6
275 1555 318 1624 τὰ
340 1556 460 1624 ἑαυτοῦ
483 1555 609 1638 δοῦναι,
631 1553 710 1633 τοδς
731 1549 901 1643 εὐεργέτας
915 1559 971 1622 καλ
985 1556 1063 1633 τούς
1078 1580 1155 1644 συγ-

55 1660 175 1751 γἐνεῑς
210 1652 462 1748 ἇποστερήσας,·
490 1655 552 1744 ἕγῶ
582 1658 643 1742 μὲν
672 1651 730 1724 ούκ
753 1646 792 1722 δν
815 1657 946 1741 οἴομαι,
970 1657 1078 1724 εἶκαὶ
1101 1659 1155 1725 δε-

55 1764 162 1842 κάκις
188 1757 210 1830 6
231 1757 391 1850 Ἱεροκλῆς
414 1758 580 1848 διαθήκας
602 1758 739 1881 ψευδεῖς
755 1752 975 1841 ἀποδεικνύει,
999 1753 1083 1826 6666
1098 1763 1154 1827 καί

31 1854 36 1859 ’
58 1864 122 1934 δια
146 1863 192 1932 τὸ
220 1855 421 1982 ύδελφδνί
391 1887 478 1929 εναι
498 1863 555 1928 καί
578 1859 692 1928 διὰ
657 1886 716 1948 την
732 1856 889 1950 ἄλλην
845 1861 1044 1992 οικειύτητα
1066 1861 1153 1931 πολύ

59 1968 205 2052 μᾶλλον
226 1961 408 2053 προσήκειν
431 1952 547 2047 εμολ
526 1988 545 2048 η
575 1987 621 2048 τῳ
609 1964 854 2042 Κλέωνος(
821 1978 901 2046 υιεῑ,
925 1964 1000 2033 ἐπεὶ
1023 1965 1154 2043 τούτοις
1167 1974 1206 2032 66

59 2095 98 2158 γε
116 2062 205 2187 οὐδὲ
220 2064 528 2154 προσποιήσασθαι
550 2024 691 2130 καλὸν
672 2091 712 2152 ην
734 2069 800 2132 τῶν
817 2059 1083 2154 Ἀστυφίλου,(
1055 2069 1090 2135 οί
1102 2093 1154 2134 τι·

37 2196 120 2250 ,νες
144 2161 240 2237 ούτω
264 2168 422 2235 διέκειντο
444 2165 531 2288 πρδς
555 2159 665 2246 αύτύν,
694 2165 736 2230 τὰ
760 2161 834 2232 δὲ
818 2172 902 2234 οστᾶ
924 2162 982 2234 ούκ
1005 2168 1153 2253 ἔθαψαν,

63 2267 158 2339 ἇλλὰ
184 2267 351 2359 πρότερον
373 2267 433 2336 ἐπὶ
454 2266 514 2354 τήν
529 2261 607 2334 ούσί
609 2293 648 2332 αν
670 2253 778 2354 ἦλθον
793 2266 911 2356 πρλν’
898 2274 964 2334 εκεί
965 2293 1010 2354 νην
1034 2266 1075 2334 τὰ
1099 2292 1153 2333 νο-

61 2372 237 2468 μιζόμενα
259 2373 411 2491 ποιήσαι.
450 2368 568 2436 ’ἔπειτα
591 2371 647 2435 νύν
662 2361 844 2447 ἀξιώσουσι
859 2371 1072 2458 κληρονομεῖν
1087 2372 1153 2436 τῶν

64 2470 221 2562 Ἀστυφί
208 2466 339 2540 ίλου
304 2497 342 2540 ου
363 2467 466 2557 μόνον
489 2469 550 2549 τὰς
572 2469 738 2557 διαθήκας
761 2473 918 2558 λέγοντες,
943 2464 1028 2538 ύλλὰ
1043 2470 1148 2539 καὶ
1113 2498 1151 2539 το

41 2618 45 2622 ·
64 2581 167 2665 γένος
191 2566 491 2694 παρατιθέντες,”
472 2599 525 2641 οτι
549 2566 689 2698 ήνεψιδς
711 2559 750 2659 ήν
772 2575 889 2642 Κλέων
911 2573 998 2664 πρὸς
1013 2573 1152 2663 πατρός.

63 2675 160 2764 ύμᾶς
185 2661 280 2758 66,
254 2701 280 2741 ω
303 2668 492 2796 666qeg‚
458 2699 515 2741 ουκ
531 2699 618 2752 εικος
641 2673 712 2742 εστι
726 2701 772 2762 τφ
795 2676 915 2745 τούτου
937 2682 1024 2764 γένει
1044 2700 1152 2766 προσ·
1166 2687 1213 2746 86.

64 2784 159 2864 ίχειν
184 2775 243 2844 τδν
266 2779 359 2844 νοῦν·
389 2770 498 2900 ούδελς
518 2774 581 2895 ηδιρ
610 2775 753 2844 πῶποτε
775 2776 955 2902 ἐκποίητος
978 2778 1154 2864 γενόμενος

65 2877 320 3002 ίκληρονύμησε
334 2881 393 2945 τοῦ
409 2877 500 2946 οίκου
517 2870 600 2944 ὅθεν
616 2875 874 2996 ἐξεποιήθη,’
841 2903 898 2943 εαν
913 2877 957 2966 μή
980 2877 1151 2965 ἒπανέλθη

63 2980 159 3051 κατὰ
187 2977 246 3047 τδν
270 2978 420 3064 νόμον..
463 3031 470 3046 .
516 2971 608 3044 οὗτοι
633 2982 748 3062 μέντοι
771 2973 914 3066 ἀκριβῶς
945 2971 1118 3056 6666669⁰
1098 3004 1153 3045 οτι

65 3078 131 3152 ούκ
164 3079 350 3169 ἐποιήσατο
380 3075 580 3169 Ἀστύφιλος
605 3078 664 3146 τὸν
692 3080 846 3158 Κλέωνος
874 3078 956 3162 υἱόν,
990 3079 1153 3160 πολλάκις

10 3252 13 3265 ,
65 3182 258 3275 ἐληλυθότι
281 3175 611 3270 αύτῶόύδεπῶποτε
638 3181 927 3270 κεκρεανομήκασι.
970 3188 1072 3269 Λαβέ
1093 3209 1153 3270 μοι

64 3290 128 3354 καλ
153 3283 277 3373 ταύτην
298 3282 357 3373 τήν
378 3290 574 3372 μαρτυρίαν.

507 3406 723 3459 MAPTYPIA.

142 3593 162 3642 4
179 3588 299 3658 Harpocr.
312 3604 336 3642 v.
349 3587 461 3641 θίασον·
480 3587 623 3641 θιασῶται
641 3582 667 3638 δ’
687 3585 833 3642 enahim
843 3588 871 3642 οἱ
880 3591 1075 3644 κοινωνοῦντες
1091 3592 1152 3644 τῶν

65 3671 191 3730 θιάσων
265 3665 360 3726 Ἰσαῖον
381 3678 412 3726 λν
435 3674 476 3739 τῷ
498 3676 560 3741 περὶ
576 3667 736 3741 Ἀστυφίλου
754 3669 852 3741 κλήρου
869 3703 903 3712 -
925 3677 941 3726 6
959 3675 998 3728 tit.
1015 3679 1151 3746 μαρτυρία

143 3755 189 3814 81.
208 3763 219 3814 l
240 3752 307 3823 δοκῆ
324 3773 371 3827 pr„
389 3761 481 3811 corr.2
499 3787 533 3795 —
551 3751 615 3824 ἡμῖν
633 3771 680 3824 μα,
698 3760 787 3811 00162.
838 3755 884 3812 32.
905 3761 917 3809 1
938 3758 997 3810 ίπεί
1009 3757 1084 3810 Βελ.;
1103 3758 1150 3809 ἐπι

64 3876 102 3887 -
123 3849 139 3898 7
161 3840 361 3913 προστιθέντες
372 3841 431 3894 Dbr.
483 3840 557 3897 364
576 3842 667 3895 deesse
683 3841 814 3910 complura
826 3840 890 3893 uidit
902 3841 1001 3894 Dobree
1018 3872 1052 3880 —
1070 3844 1086 3894 6
1102 3856 1150 3906 μοι

65 3946 89 3987 ι.
110 3946 139 3983 v.
160 3932 182 3983 ί.

946 4010 977 4063 8*
