2572 4476
196 224 271 277 ΠΕΡΙ
289 224 353 278 ΤΟΥ
370 225 594 279 ΜΕΝΕΚΛΕΟΥΣ
613 227 749 281 ΚΛΗΡΟΥ.
971 224 1012 284 23

64 397 210 480 φέροντα
231 393 435 480 γνώσεσθαι,
460 392 619 483 διῄτησαν
641 391 728 482 ήμάς
751 389 941 484 ἀποστῆναι
964 389 1011 462 ῶν

60 488 292 582 ήμφεσβήτησε
321 497 377 562 καὶ
407 496 523 562 δοῦναι
552 491 694 584 δωρεάν·
722 491 760 564 05
788 498 851 586 γάρ
880 498 1010 587 ἔφασαν
1100 574 1105 582 q

60 597 137 683 λίην
154 594 350 684 ἀπαλλαγήν
365 591 534 681 οὐδεμίαν,
551 597 581 664 εί
595 597 640 685 μή
654 598 907 687 μεταλήψονται
918 593 1011 668 οὗτοι

60 704 154 764 είνου.
201 698 235 766 ἐκ
257 700 293 766 δὲ
315 703 374 765 τοῦ
396 700 520 766 λοιποῦ
538 699 666 826 γρόνου
696 699 843 826 ἔγνωσαν
864 698 951 788 ήμᾶς
973 688 1063 775 5582

67 794 228 889 ἀλλήλους
250 804 305 868 καί
338 801 425 889 λόγῳ
452 804 509 868 καὶ
538 800 638 889 ἐ’ργιμ,
667 805 723 869 καὶ
752 806 857 869 ταῦτα
887 796 1011 885 ὀμόσαι

60 925 119 969 σαν
141 899 230 991 ήμᾶς
253 897 464 992 ἀμφοτέρους
487 901 631 991 πρὸςς
596 929 642 990 τῳ
630 908 771 991 βωμῶ
791 892 812 993 ή
830 904 895 992 μὴν
911 905 1011 992 ποιή-

63 1008 97 1071 a}
121 1001 217 1125 ἡμεῖς
246 998 426 1090 ὠμόσαμεν
455 1003 490 1072 εὖ
520 1005 675 1093 ποιήσειν
705 1000 911 1094 ἀλλήλους
897 1033 930 1074 εκ
952 1011 1012 1074 τοῦ

73 1132 203 1225 χρονυυ,
225 1107 310 1174 κατὰ
333 1106 472 1192 δύναμιν
495 1105 598 1190 είναι,
627 1111 684 1176 καὶ
713 1108 800 1196 λόγῳ
829 1113 886 1176 καὶ
914 1109 1009 1197 ἔργῳ.

78 1202 97 1274 5
118 1234 155 1275 τε
177 1202 274 1327 ὅρκος
297 1209 442 1297 ἐγένετο,
465 1214 520 1278 καί
543 1209 672 1294 ἔχουσιν
695 1205 788 1279 οὗτοι
811 1210 833 1279 ἃ
855 1211 1008 1340 ἑγνῶσβή
1024 1225 1063 1283 88

66 1307 132 1378 ὑπὸ
158 1315 223 1378 τῶν
246 1312 376 1381 οἰκείων
399 1318 466 1380 τῶν
493 1313 675 1396 τούτου,ε
659 1311 731 1382 είτα
754 1317 825 1381 νυνί
847 1341 944 1382 ταυτι
965 1314 1009 1381 τά

64 1417 221 1480 ποιοῦσιν
242 1411 345 1502 ήμάς,
368 1414 427 1482 τὸν
452 1416 512 1498 μὲν
540 1419 712 1482 τεθνεῶτα
735 1410 868 1484 ἄπαιδα
888 1416 1009 1502 βουλό-

60 1519 264 1602 εαταστήσαι,
289 1515 345 1599 ἐμὲ
369 1509 399 1582 5³
426 1516 596 1600 ἐκβάλλειν
618 1513 813 1602 ὑβρίσαντες
835 1515 870 1583 ἐκ
883 1521 942 1584 τοῦ
958 1518 1009 1584 σ’ί-

60 1613 108 1691 ιὺς
130 1615 268 1698 γνόντας
292 1610 411 1694 αὐτοὺς
433 1612 510 1699 ὑμῖν
533 1615 723 1704 παρέξομαι
744 1616 928 1706 μάρτυρας,
952 1616 1009 1684 ἐάν

60 1737 99 1780 ιιν
113 1709 153 1781 άι
156 1721 357 1800 αβαίνειν-
370 1716 435 1784 εἰσί
445 1716 508 1804 γὰρ
522 1716 650 1783 τούτων
666 1716 784 1785 οἰκεῖοι
794 1753 835 1764 -
835 1743 887 1798 ,ει
878 1717 997 1785 '‘55
952 1745 1008 1806 μή,

60 1822 330 1942 αραγενομέγυυς.
375 1824 444 1886 Καί
464 1844 524 1903 μοι
545 1815 606 1897 τὰς
627 1824 811 1907 μαρτυρίας
834 1769 1007 1938 άνάγνωθι
1021 1826 1060 1886 84

62 1926 92 1986 ί
117 1918 156 1985 σύ
180 1912 253 1984 5³³
238 1944 283 1985 επ
285 1918 435 2004 ίλαβε
400 1944 438 1987 το
462 1911 561 2006 ὕδωρ.

354 2023 583 2077 MAPTYPIAI

60 2105 114 2189 νβὲ
138 2105 175 2194 δή
199 2131 258 2188 μοι
280 2105 341 2184 τὰς
361 2112 505 2194 μαρτυρί
507 2130 546 2184 ας
492 2103 629 2175 ίίκεί
616 2114 697 2188 ίνας,
722 2103 768 2183 ῶς
783 2107 820 2174 τό
836 2132 873 2173 τε
884 2113 1008 2195 χωρίον

60 2233 153 2273 ιοντα
174 2211 265 2291 μνῶν
289 2206 440 2295 ἐπράθη,
470 2209 531 2278 καί
555 2203 602 2285 ῶς
624 2202 794 2291 ἀπέλαβεν
816 2203 834 2272 ὃ
859 2201 1008 2295 ὀρφανὸς

60 2312 93 2376 αὶ
116 2308 272 2396 ἑξήκοντα
293 2312 387 2392 μνᾶς·
400 2312 593 2396 πραθέντος
614 2311 674 2374 τοῦ
694 2313 829 2393 χωρίου.

356 2411 587 2464 MAPTYPIAI.

79 2500 177 2574 θεῖος
204 2499 316 2561 τοίνυν
339 2489 469 2575 οὑτοσί,
499 2478 526 2559 ῶ
556 2487 688 2581 ἄνδρες,
720 2490 1006 2582 κεκλήρονομήκῶς
1021 2505 1059 2561 35

60 2604 145 2664 νίνου
169 2595 253 2684 ἔργῳ
275 2598 331 2662 καὶ
354 2588 392 2663 05
415 2594 502 2682 λόγῳ
519 2587 634 2683 ῶσπερ
650 2592 724 2680 ίγῶ,
746 2595 803 2660 καὶ
824 2593 905 2678 ἔχων
927 2591 1008 2678 ἐμοῦ

60 2699 216 2764 πλείονα·
241 2695 303 2783 ἒγῶ
325 2695 438 2782 μὲν
400 2722 467 2818 γαρ
479 2695 539 2776 τὰς
553 2701 748 2784 τριαιοσίας
767 2689 916 2783 δραχμάς
931 2690 1007 2758 ἔλα-

60 2792 418 2925 ςπεριλειφθείσας
400 2795 469 2864 απὸ
494 2802 552 2886 τής
573 2801 673 2885 τιμής
698 2799 758 2864 τοῦ
783 2800 922 2882 χωρίου,
951 2794 1007 2858 καί

60 2894 109 2968 ιό
133 2900 223 2967 ἐστιν
246 2893 304 2966 οὐκ
327 2895 421 2978 άξιον
443 2901 544 2988 τριῶν
566 2901 671 2982 μνῶν·
703 2890 800 2973 οὗτος
829 2896 865 2962 δὲ
887 2894 1006 2960 πλεῖον

68 3006 161 3087 μνῶν
180 3007 304 3087 χωρίον
320 2998 464 3083 ἔχωντί
436 3024 509 3065 ετα
524 3001 718 3086 προσέτι
681 3022 737 3063 νυν
751 2989 823 3119 ήκει
840 2994 899 3063 τὸν
914 2990 1004 3062 οἶκον

60 3102 285 3192 ἒξερήμῶσων.
330 3099 428 3169 naz’
414 3099 477 3187 εγῶ
506 3095 606 3184 μὲνό
646 3095 788 3187 ποιητὸς
817 3095 940 3165 ἐκεῖνόν
969 3111 1056 3170 τεω

59 3204 266 3291 ἐθεράπευον
274 3254 282 3285 ,
312 3207 367 3273 καί
391 3197 491 3282 αὐτὸς
512 3197 609 3290 καλή
639 3199 699 3288 ἐμή
729 3197 824 3288 γυνή,
852 3199 1004 3287 θυγάτηρ

75 3428 90 3477 2
109 3418 239 3490 ἀλλήλας
257 3427 278 3477 Α
295 3432 342 3492 p‘r.‚
360 3440 424 3477 corr.
440 3429 464 3487 l;
484 3424 546 3476 item
564 3437 588 3475 v.
607 3427 623 3476 4
642 3452 675 3481 ,-
694 3424 709 3475 3
727 3417 796 3491 ἡμᾶτ
813 3415 1003 3491 ἦνάγκασανῦ

60 3513 102 3561 εῖν
120 3509 142 3560 A
160 3539 194 3547 —
212 3514 227 3562 5
246 3506 341 3563 ίοιτισῦ
357 3509 438 3577 Apr.,
458 3503 601 3560 ίπιίοίπυῦ
620 3505 677 3572 (ίπι
690 3521 710 3558 s.
722 3506 758 3571 v.)
776 3517 840 3556 σοιν.
859 3509 884 3554 1:
904 3494 1003 3552 ίπιλοί·

60 3611 76 3646 υ
94 3593 204 3660 (20⁶5).
290 3589 335 3648 83.
354 3596 369 3646 2
387 3585 442 3644 ἀπὸ
460 3590 482 3641 A
500 3618 534 3628 -
552 3591 567 3642 3
585 3584 746 3658 βουλόμενοι
763 3580 869 3640 ἄπαιδα
887 3581 916 3644 0.

83 3767 106 3780 ..
141 3730 163 3779 A
188 3757 222 3766 -
247 3731 261 3778 2
279 3721 394 3792 ἐπίβαλε
412 3723 441 3787 0,
467 3670 583 3792 ίιιίβαλί
599 3724 633 3775 A:
656 3737 705 3775 em.
723 3717 854 3786 Tyrwhitt
872 3747 906 3758 -
930 3718 1006 3770 atit.

79 3814 109 3877 A,
128 3829 177 3865 om.
196 3813 231 3873 Q:
251 3824 298 3862 em.
317 3808 364 3861 Bk.
383 3835 416 3846 -·
434 3811 448 3860 7
468 3809 508 3862 tit.
526 3822 576 3861 om.
596 3806 625 3867 0.
703 3801 749 3856 85
770 3803 781 3851 1
801 3804 896 3855 τοίνυν
913 3817 963 3855 om.
982 3800 1003 3861 Q

60 3913 132 3949 ὀιυ.
151 3898 171 3947 A
190 3925 224 3934 —
243 3899 257 3947 ’ί
277 3890 359 3946 αὐτοῦ
377 3889 461 3952 0111.st
479 3919 513 3933 --
530 3886 745 3958 ίξιρημονθίντα
756 3880 786 3942 Q·
854 3886 900 3942 86.
919 3890 934 3939 2
954 3884 1005 3937 511-

60 3977 182 4051 λεράπονν
200 3979 220 4040 Q
