2572 4476
126 208 196 272 '72
409 272 413 279 .
489 272 494 277 .
549 229 553 237 '
637 212 754 273 ῙΣᾸΙΟΥ,
1161 227 1233 272 θεῖ.

103 391 140 449 21
155 387 410 450 κατοικισθεῖσα
438 376 471 448 δ
498 380 658 449 ἐνταυθοῖ
685 382 820 449 πολλῶν
847 383 904 448 καὶ
931 385 1039 448 κακῶν
1066 367 1232 468 ήρξεν,ῶ

149 583 197 651 ,τὰ
218 534 330 651 πολλὰ
353 582 553 672 διέτριβενί
555 611 573 652 ν
592 610 632 673 τη
648 589 776 651 συνοικί
777 611 808 672 ρ,
831 582 938 652 ἐνίοτε
959 489 996 651 δί
1009 587 1066 651 καί
1087 583 1235 651 ἐσιτεῖτο

155 685 240 771 μετὰ
262 689 321 774 τῆς
343 680 538 775 άνθρώπου,
560 683 756 752 καταλιπων
769 684 880 755 καί
844 711 904 774 την
924 698 1062 772 γυναῖκα
1076 687 1136 752 καί
1155 683 1237 761 τοὺς

157 788 285 866 παῖδας
311 791 368 856 καί
394 786 454 877 τὴν
482 787 590 856 οἰκίαν
617 784 657 877 ἣν
686 782 775 874 ᾤκει.
822 789 978 870 χαλεπῶς
1006 787 1043 853 δέ
1065 785 1237 875 φερούσης

77 884 86 892 ’
157 893 216 978 τῆς
243 887 396 977 γυναικὸς
422 891 478 955 καί
508 891 575 955 τῶν
602 889 702 955 υἰέων
728 882 786 972 οὐχ
815 881 911 966 ὅπως
932 886 1115 968 ἐπαύσατο,
1147 880 1234 953 ἀλλὰ

157 993 317 1059 τελευτῶν
345 984 518 1066 παντελῶς
541 989 677 1077 διητᾶτο
701 988 781 1071 ἐκεῖ,
810 993 867 1057 καί
890 982 976 1057 οὕτω
999 989 1137 1078 διετέθη
1161 982 1233 1055 εἴθ’

157 1088 224 1159 ὑπὸ
255 1090 439 1180 φαρμάκων
468 1083 540 1157 εἴθ’
565 1086 634 1158 ὑπὸ
664 1091 764 1159 νάσου
798 1086 869 1159 εἰθ)
901 1084 964 1158 ὑπ’
995 1086 1097 1157 άλλου
1132 1090 1236 1174 τινάς,

158 1185 244 1259 ὥστε
271 1190 418 1280 ἐπείσθη
446 1184 505 1258 ὑπ’
531 1185 632 1280 αὐτῆς
660 1191 719 1260 τδν
746 1191 971 1280 πρεσβύτερον
992 1206 1064 1259 τοῖν
1092 1193 1236 1259 παίδοιν

107 1304 144 1361 ῖῖ
158 1293 344 1381 εἰσαγαγεῖν
360 1292 408 1372 εἰς
423 1292 504 1373 τοὺς
516 1292 684 1383 φράτερας
699 1292 756 1361 έπί
771 1297 819 1379 τῶ
835 1289 937 1360 αὑτοῦ
951 1287 1102 1378 ὀνόματι.
1142 1291 1239 1360 ἐττει·

158 1393 197 1482 δή
222 1395 258 1462 δέ
280 1389 359 1462 οὔθ’
386 1391 404 1462 δ
429 1395 502 1475 υἰδς
531 1389 621 1480 αὐτῷ
646 1394 865 1484 Φιλυκτήμων
887 1394 1065 1482 συνεχώρει
1093 1388 1175 1461 οὔθ’
1204 1395 1237 1461 οἰ

157 1497 322 1589 φράτερες
344 1497 560 1577 εἰσεδέξαντο,
591 1489 663 1562 ἀλλ)
691 1490 866 1587 ἀπηνέχθη
888 1495 926 1565 τὸ
954 1495 1112 1584 κοάρειον,
1144 1490 1239 1582 ὀργι-

158 1599 294 1685 ζόμενος
322 1597 339 1667 δ
365 1595 545 1688 Εὐκτήμων
572 1601 620 1685 τῷ
648 1598 714 1666 υἰεῑ
735 1602 791 1666 καί
814 1597 1009 1689 ἐπηρεάζειν
1033 1595 1241 1681 βουλόμενος

159 1701 314 1789 ἐγγυᾶται
340 1715 478 1789 γυναῖκα
506 1699 746 1789 Δημοκράτους
770 1705 830 1767 τοῦ
851 1696 1049 1789 Ἀφιδναίου
1076 1692 1239 1786 ἀδελφήν,

159 1800 206 1883 ῶς
228 1803 262 1871 ἐκ
283 1803 404 1891 ταύτης
426 1803 554 1879 παῖδας
581 1795 769 1888 ἀποφανῶν
790 1805 846 1869 καί
873 1800 1079 1888 εἰσποιήσων
1107 1799 1158 1878 εἰς
1178 1797 1240 1866 τὸν

108 1914 146 1972 28
160 1901 261 1983 οἰκον,
284 1902 314 1970 εἰ
335 1902 380 1989 μή
405 1906 587 1988 συγχωροίη
609 1905 727 1969 τοῦτον
749 1900 830 1989 [ἐάν]
852 1901 1062 1990 εἰσαχθῆναι.
1110 1900 1241 1979 εἰδότες

161 1998 192 2071 δ’
219 2005 251 2071 οἰ
280 1996 456 2089 άναγκαῖοι
483 1995 538 2071 ὅτι
567 1998 603 2079 ἓξ
630 2000 754 2069 ἐκείνου
782 2002 843 2088 μέν
866 1997 924 2072 οὐκ
953 1994 994 2073 άν
1015 2003 1065 2072 ἔτι
1087 2007 1239 2089 γένοιντο

160 2105 281 2183 παῖδες
301 2104 423 2192 ταύτην
451 2100 511 2190 τήν
532 2097 663 2189 ήλικίαν
686 2103 835 2188 έχοντος,
859 2106 1063 2195 φανήσοιντο
1087 2097 1119 2168 δ’
1146 2099 1238 2190 άλλφ

159 2210 227 2277 τινὶ
248 2207 375 2294 τρόπῳ,
397 2209 454 2274 καί
476 2203 511 2273 ἐκ
532 2203 658 2272 τούτων
680 2204 809 2275 έσοιντο
831 2207 880 2275 ἐ’τι
906 2207 1037 2293 μείζους
1064 2205 1238 2294 διαφοραί,

161 2309 314 2390 ἔπειθον,
331 2295 356 2373 ῶ
373 2302 499 2395 άνδρες,
513 2305 573 2375 τδν
591 2308 825 2396 Φιλοκτήμονα
840 2309 939 2378 ἐάσαι
958 2309 1146 2395 εἰσαγαγεῖν
1160 2310 1239 2374 τοῦ·

160 2436 218 2493 τον
251 2408 310 2477 τδν
342 2408 450 2477 παῖδα
481 2402 537 2497 ἐφ’
570 2407 621 2488 εἰς
652 2408 758 2500 ἐζήτει
786 2407 803 2479 ὁ
834 2406 1024 2499 Εὐκτήμων,
1050 2415 1174 2495 χωρίον
1203 2409 1239 2474 ἓν

109 2523 147 2580 24
162 2510 272 2578 δόντα.
324 2506 421 2577 καίδ
448 2511 668 2601 Φιλυκτήμων
691 2511 925 2596 αἰσχυνόμενος
953 2513 1014 2595 μέν
1036 2511 1094 2576 ἐπὶ
1116 2513 1157 2596 τῇ
1178 2512 1239 2576 τοῦ

159 2609 289 2700 πατρὸς
311 2604 420 2701 άνυίηι,
444 2606 583 2702 άπορῶν
599 2608 630 2680 δ’
648 2608 668 2681 ὅ
683 2640 715 2682 τι
735 2612 897 2699 χρήσαιτο
914 2615 963 2696 τῷ
978 2610 1123 2697 παρόντι
1136 2613 1239 2696 κακῷ,

160 2706 219 2780 οἰκ
241 2705 411 2801 άντέλεγεν
430 2708 535 2783 οὗδέν.
572 2713 847 2834 ὁμολογηθέντων
870 2710 907 2776 δὲ
928 2709 1064 2788 τούτων,
1087 2711 1143 2772 καὶ
1167 2711 1240 2777 εἰσ-

161 2819 321 2899 αχθέντυς
335 2842 394 2883 του
381 2816 535 2913 παιδὸς
558 2815 616 2884 ίπί
637 2813 781 2892 τούτοις,
805 2805 979 2899 ἀπηλλάγη
1001 2811 1060 2897 τῆς
1082 2810 1241 2895 γυναικὸς

161 2913 178 2984 ὁ
203 2911 390 3006 Εὐκτήμων,
413 2907 469 2986 καλ
492 2917 605 2985 ἐπεδεί
592 2906 727 2992 ἰξατο
707 2937 761 2981 οτι
784 2937 821 2978 ου
808 2904 1019 3032 ’παίδωη“
1001 2923 1094 2979 ενεκα
1109 2909 1239 3034 ίγάμει,

110 3034 146 3093 ῖῖι
163 3014 280 3087 οἰλλΗ
265 3048 319 3088 ινα
341 3024 458 3087 τοῦτον
480 3015 661 3133 εἰσαγάγω.
704 3019 739 3080 τί
759 3011 823 3100 γὰρ
846 3007 974 3080 ἐ’δει’
937 3012 1039 3080 αυτὸν
1058 3026 1239 3099 γαμεῖν,ιυ

160 3115 377 3210 Ανδρόκλεις,
401 3121 434 3188 εἰ
445 3144 510 3204 περ
534 3102 637 3191 οἰῖδε
618 3136 703 3203 ησαν
718 3109 805 3194 ίξ’
768 3140 868 3196 αυτυυ
855 3117 940 3182 καί
954 3113 1107 3203 γυναικὸς
1121 3108 1237 3203 άστής,

162 3250 207 3344 ηις
230 3223 269 3290 σδ
291 3220 605 3309 μεμαρτύρηκαςςτ
585 3221 637 3294 τίς
657 3215 720 3303 γάρ
744 3242 783 3283 αν
805 3212 1001 3304 γνησίους
981 3241 1080 3295 ουτος
1106 3215 1179 3294 οἶός
1201 3241 1239 3284 τε

161 3324 201 3414 ήν
223 3327 370 3393 κωλῦσαι
392 3307 644 3405 εἰσαγαγεῖν,·
622 3343 643 3405 η
667 3315 780 3385 δια
745 3324 780 3384 τί
802 3316 861 3385 ἐπὶ
881 3319 994 3407 ῥητοῖς
1022 3313 1122 3387 αάτδν
1145 3318 1240 3406 εἰσή·

161 3452 255 3515 γαγε,
282 3429 342 3494 τοῦ
357 3420 468 3504 νόμου
497 3412 730 3498 κελεύοντος”
708 3444 862 3498 απαντας
882 3419 959 3499 τοδς
986 3418 1176 3546 γνησίους
1163 3443 1238 3487 ισο-

110 3543 148 3600 2ss
162 3537 301 3614 μοίραις
323 3521 409 3591 εἰναι
436 3523 502 3597 τῶν
525 3521 712 3609 πατρῴωνς
738 3511 759 3610 ή
788 3519 845 3589 διὰ
867 3527 902 3588 τί
927 3519 986 3589 τδν
1008 3523 1068 3607 μὲν
1089 3520 1238 3607 πρεσβύ-

246 3775 290 3831 22.
310 3745 434 3829 ἳδυίδε
451 3774 511 3828 Bk:
530 3792 658 3829 ουτος-
677 3773 833 3844 anahem:
851 3792 900 3830 em.
912 3775 1025 3829 Rska-
1044 3768 1239 3843 δάφνιδσιουι

163 3880 211 3917 em.
230 3862 371 3931 ὃῖερίι-
337 3860 472 3912 -ῖίᾶυ
490 3862 540 3916 δεῖ.
557 3861 619 3915 Rsk.
702 3859 748 3917 23.
767 3861 866 3919 θέτε
859 3877 886 3914 ια
904 3874 954 3926 ως.
973 3843 1030 3913 εδδ.
1049 3863 1072 3923 1,
1090 3859 1192 3925 signum
1211 3859 1238 3926 a)

162 3941 312 4018 ρυεῖᾶνε.
330 3963 354 3999 v
376 3949 387 3999 l
458 3938 638 4007 mam
656 3962 681 3998 v
703 3950 723 3998 l
792 3944 838 4001 25.
857 3941 1051 3998 ῖαύτοῦΒΙιω
1070 3938 1162 3996 ἀστοῦ.
