2572 4476
52 226 78 266 p.
95 215 132 257 ιο.
374 202 450 256 ΠΕΡΙ
466 202 532 256 ΤΟΥ
548 203 676 267 ΠΥΡΡΟΥ
694 205 831 259 ΚΔΗΡΟΥ.

148 369 251 453 Λαβέ
275 367 312 456 δῆ
337 371 393 436 καὶ
415 368 474 457 τῆν
497 370 615 439 τούτου
636 379 831 461 μαρτυρίαν.

498 475 714 530 ΜΑΡΤΥΡῙΑ.

148 557 232 632 Πῶς
255 580 312 621 ουν
335 549 402 640 (ἄν)
424 580 475 634 τις
499 562 705 674 σαιγέστερον
728 556 889 647 ἐξελέγχοι
912 561 1145 650 ψευδομαρτυ·
1127 571 1197 630 -54

60 657 145 741 ριιῦν
177 646 354 722 διώκων
333 683 352 746 η
385 657 419 724 έκ
448 683 485 724 τε
511 662 577 726 των
606 664 851 783 πεπραγμένων
881 653 993 740 αύτοῖς
1014 663 1146 745 τούτοις

62 756 283 826 ἐπιδεικνύων
305 762 361 826 καί
384 758 418 826 ἐκ
440 763 507 826 τῶν
529 759 639 845 νόμων
663 757 823 828 ἁπάντων
844 765 912 829 τῶν
933 759 1117 852 ύμετέρωνς

58 930 62 936 ,
150 862 237 948 Περὶ
258 847 379 944 μὲν
343 886 400 928 ουν
422 860 541 928 τούτου
565 860 738 943 σχεδδν”
705 888 835 954 ειρηται
856 861 899 929 τδι
922 864 1049 932 πολλά
1074 871 1146 933 σκέ·

65 966 186 1045 ψασθε
209 962 244 1028 δὲ
266 965 323 1028 καί
345 964 425 1048 περὶ
454 965 513 1029 τοῦ
536 962 667 1045 ἐ’χοντος
694 963 754 1054 τῆν
777 957 1024 1055 ἀδελφιδῆν
988 992 1048 1056 την
1069 966 1171 1035 τού-

64 1087 124 1128 του
135 1076 294 1188 γυναῖκα,
318 1061 376 1131 εὰν
400 1059 465 1153 δρα
487 1090 520 1132 τι
541 1069 675 1157 γένηται
696 1064 790 1135 καί’
776 1091 810 1135 εκ
827 1065 947 1135 τούτου
970 1068 1146 1189 τεκμήριον

64 1159 111 1242 ὥς
134 1163 206 1231 ἔστι
229 1165 339 1292 ψευδῆ
359 1163 400 1231 τὰ
422 1173 699 1288 μεμαρτυρημένα
721 1168 912 1257 Νικοδήμῳ.
951 1193 997 1248 ως
1010 1169 1071 1255 μέν
1087 1154 1197 1240 ούνῦὖ

63 1259 250 1355 ἠγγυήσατο
273 1269 329 1333 καὶ
358 1264 522 1354 ἔλαβεν(
496 1294 543 1349 ως
565 1256 667 1338 ούσαν
690 1267 768 1349 εξς
753 1295 811 1338 ετα
814 1277 888 1360 ίρας
915 1268 975 1360 τῆν
995 1280 1144 1359 γυναῖκα,

64 1365 290 1435 ἐπιδέδεικται
305 1371 361 1436 καὶ
382 1371 648 1460 μεμαρτύρηται
673 1365 766 1450 ὥςδ’
765 1365 954 1492 ἆληθῆςῆ
978 1379 1145 1461 μαρτυρία

63 1468 155 1536 ἐστὶν
179 1463 271 1587 αύτη,
295 1465 312 1536 δ
329 1472 493 1592 Ξενοκλῆς
517 1466 617 1549 αύτδς
640 1471 723 1560 έργῳ
740 1467 798 1540 ούκ
811 1466 933 1598 ῆλίγον
948 1472 1066 1560 χρόνον
1081 1466 1189 1571 ῆδη

63 1563 180 1659 ἀληθῆ
203 1575 307 1638 ταῦτα
329 1571 567 1660 μεμαρτύρηκε.
603 1571 761 1658 δῆλον
723 1597 866 1693 γαρ
810 1598 863 1639 οτι
886 1573 916 1639 εἰ
938 1570 982 1659 μῆ
1005 1567 1146 1695 ῆγγύητο

60 1670 161 1754 παρὰ
184 1675 243 1737 τοῦ
261 1666 354 1738 ’ίΕνδ
342 1677 393 1738 ίου
416 1667 462 1748 ὥς
486 1670 521 1749 ἐξ
547 1670 683 1760 ἑταίρας
705 1696 809 1741 ουσαν
830 1672 889 1762 τῆν
911 1686 1063 1763 γυναῖκα,
1090 1669 1146 1743 δν-
1206 1674 1215 1711 ¹

58 1797 134 1838 των
158 1765 248 1857 αὐτῷ
270 1772 404 1839 παίδων
425 1767 488 1862 ῆδη
511 1772 749 1862 τηλικούτων’
735 1779 842 1865 εκτῆς
862 1773 1025 1867 γυναικός,
1050 1774 1147 1856 ζωντι

63 1901 105 1940 αν
128 1877 178 1959 τω
197 1867 315 1960 Ενδίηι
338 1866 633 1965 ῆμφεσβῆτησεν“
615 1875 700 1969 υπέρ
727 1901 785 1955 ττς
811 1882 949 1969 γνησίας
970 1875 1147 1965 θυγατρὸς

62 1979 130 2042 τιῦν
158 1974 341 2063 πατρῴων,
372 1970 480 2053 ἄλλως
507 2000 544 2043 τε
571 1979 626 2042 καὶ
648 1984 960 2065 παρεσκευασμένος
984 1975 1029 2068 μῆ
1058 1975 1140 2066 ύμο·
1158 1995 1196 2053 55

58 2079 173 2164 λογεῑν
195 2075 255 2165 τῆν
277 2102 335 2143 του
354 2071 499 2145 Ἐνδίου
502 2085 642 2168 ποίησιν
663 2082 712 2167 τῷ
733 2078 858 2168 Πύρρῳ
883 2084 1053 2166 γενέσθαι
1098 2105 1144 2158 ως

65 2172 95 2246 δ’
123 2171 181 2262 οὐχ
204 2172 374 2264 δμολογων
396 2203 472 2257 πως
500 2178 727 2267 έπεσκῆπτετο
757 2194 829 2258 τοῖς
858 2180 1144 2301 μεμαρτυρηκόσιν

64 2279 121 2347 έπλ
144 2283 186 2368 τῆ
209 2279 353 2398 διαθῆκη
369 2305 427 2346 του
414 2279 580 2369 Πύρρου
596 2284 861 2401 παραγενέσθαι.
898 2276 1016 2358 καλῶς
1032 2274 1145 2370 ἀληθῆ

64 2373 193 2469 λέγω,’
175 2381 404 2467 αναγνωσεται
418 2377 496 2466 ύμῖν
511 2379 570 2471 τῆν
584 2374 769 2469 μαρτυρίαν
784 2378 844 2469 τῆν
858 2366 1179 2481 μαρτυρηθεῑσαν..

61 2476 303 2570 Αναγίγνωσκε
326 2475 450 2561 αὐτοῖς.
580 2541 584 2552 .

496 2587 712 2656 MAPTYPIA.

149 2661 249 2734 Ἀλλὰ
272 2667 338 2756 μὴν
360 2663 489 2737 κάκεῖνό
512 2695 548 2757 γε
570 2668 679 2759 δῆλον,
702 2664 749 2745 ὥς
770 2660 828 2750 ούχ
857 2663 1141 2756 ὁμολογοῦσιτῆν
1159 2689 1194 2745 εκ

62 2774 122 2837 τοῦ
139 2764 227 2838 Ἐνδί
214 2777 266 2837 ίου
294 2776 434 2859 ποίησιν
461 2767 528 2839 ύπδ
561 2774 620 2838 τοῦ
642 2768 778 2859 Πύρρου
800 2774 969 2855 γενέσθαι.
1019 2761 1057 2835 ού
1080 2767 1143 2855 γὰρ

63 2899 104 2938 αν
127 2867 334 2960 ὑπερβάντες
355 2871 413 2938 τὸν
436 2873 625 2939 τελευταῖον
640 2874 701 2935 τού
717 2870 808 2935 σ’ίκου
830 2855 1043 2964 γεγενημένον
1064 2869 1144 2989 κλη-

63 2972 206 3093 ρονόμογ
227 2969 313 3062 ὑπὲρ
334 2975 394 3060 τῆς
415 2969 568 3058 γυναικδς
590 2993 647 3037 του
634 2966 799 3054 ’Πύρρου
819 2966 937 3053 κλήρου
960 2960 1120 3049 λαχεῖν
1084 2992 1143 3056 την

63 3074 157 3162 λῆξιν
178 3067 234 3163 ῆξί
235 3098 326 3141 ωσαν
350 3067 451 3140 οὗτοι.
489 3066 591 3156 ὁμὲν
612 3093 675 3156 γαρ
690 3067 826 3155 Πυρρος
843 3069 926 3136 πλεί
913 3073 953 3134 ίω
975 3057 996 3157 ῆ
1019 3067 1144 3137 εέκοσιν
1182 3123 1187 3169 ·.

63 3175 120 3265 έτη
149 3175 374 3266 τετελεύτηκεν
402 3168 525 3264 ἤδη,ί
508 3200 526 3240 ο
556 3173 592 3241 δέ
607 3167 739 3250 Ἔνδιος
767 3173 828 3239 τοῦ
852 3173 1144 3269 Μεταγειτνιωνος
1173 3186 1177 3193 ’

62 3276 167 3367 μηνδς
190 3283 339 3366 πέρυσιν,
369 3270 454 3365 ένῷ
483 3276 599 3360 ἔλαχον
625 3299 684 3341 του
671 3271 886 3362 κλήρου
849 3299 909 3364 την
919 3273 1026 3363 λῆξιν
1048 3281 1142 3364 τρίτη

61 3375 171 3469 ἡμέρη
195 3375 322 3458 εὐθέως
345 3373 446 3447 οὗτοι.
492 3405 509 3447 ο
497 3375 570 3446 ζδὲ
593 3372 694 3461 νύμος
715 3375 853 3444 πέντε
839 3401 921 3444 ετων
942 3376 1067 3444 κελεύει
1090 3377 1142 3445 δι·
1125 3397 1195 3454 -ks

131 3617 178 3672 54.
199 3611 266 3672 1αν
283 3619 340 3672 εδδ
353 3618 465 3671 θοι.-
480 3633 523 3670 m
539 3618 680 3669 s.v.1-
697 3609 839 3685 ἐξελέγχεις
858 3628 907 3664 em.
919 3609 1029 3667 Αίδ.,-·
1046 3603 1143 3674 δήμι-

61 3721 165 3772 rofam:
185 3718 233 3756 em.
247 3702 401 3770 Sauppe-
418 3704 516 3770 4πιρί
532 3701 735 3766 parumn.
755 3717 807 3751 ...ν
827 3712 916 3764 ρι.,-,-
882 3662 1079 3762 -5ἇδιλφ..
1096 3707 1143 3758 pr,

61 3791 166 3841 ωειλ
234 3788 280 3845 55.
298 3781 520 3854 θήμφισβήτησι
537 3785 613 3849 περὶι
632 3797 680 3835 em
693 3779 741 3834 Bk.
810 3778 858 3834 55.
875 3771 945 3839 3δι
959 3780 986 3829 εί
1003 3773 1142 3837 παιδιὰ,

60 3888 124 3926 mm
135 3872 187 3926 del
199 3871 259 3925 Rsk.
262 3885 388 3938 reqmro
400 3884 459 3922 πων
470 3886 522 3940 γαρ
538 3866 586 3920 τοῦ
587 3861 825 3936 θ’ὁμολογων-
838 3863 1004 3927 ίπέσκηπτει
1016 3874 1066 3912 em.
1079 3854 1141 3914 Rsk.

59 3985 98 3996 -
117 3954 165 4012 5‘
151 3960 216 4024 ημῖν
234 3987 266 3996 -
286 3960 299 4008 7
319 3954 383 4007 tit.
377 3969 403 4005 ln
421 3967 471 4020 mg.
