2572 4476
12 246 21 271 z
65 236 100 281 οι.
114 236 134 278 1.
335 217 410 271 ΠΕΡΙ
428 218 492 271 ΤΟΥ
510 216 713 272 ΚΛΕΩΝΥΜΟΥ
730 217 867 272 ΚΛΗΡΟΥ.
1105 217 1142 276 11

10 415 32 449 ν.
64 388 189 475 ταύτης
210 384 423 476 ὑπαρχούσης
444 391 504 474 τῆς
526 387 666 473 έχθρας,
689 383 777 472 ἡμᾶς
800 386 836 451 δὲ
856 386 1020 475 τοσαύτης
1043 386 1145 454 οἰκει-

16 492 186 578 ότητος
213 493 268 557 καὶ
300 493 418 578 φιλίας
445 494 621 578 γενομένης
654 493 846 577 πειρᾶσθαι
878 490 1005 573 μᾶλλον
1038 492 1146 566 κακῶς

10 624 21 660 τ
64 606 198 675 ποιεῖν,·
227 585 338 657 ἀλλ’
329 591 439 679 ε’γωγε,
464 592 494 658 εί
515 604 708 679 κατηγορεῖν
732 589 907 675 ἐβούλοντο
930 593 996 656 τιῦν
1020 590 1144 712 διαθη-
1157 599 1196 658 84

21 699 129 760 κων
152 685 174 781 ή
196 721 254 760 τοο
241 694 563 782 τετελευτηκότος,
594 687 651 760 ούκ
675 685 788 760 οἶδΗ
776 686 795 759 ό
822 719 856 757 τι
885 682 925 758 δν
954 687 1035 758 όίλλο
1058 691 1145 779 πρὸς

64 793 150 880 ύμᾶς
173 793 285 882 εἶπον,
316 823 349 863 οι
377 822 414 883 γε
436 796 497 874 τὰς
520 795 686 882 διαθήκας
714 795 774 879 μὲν
798 788 1049 882 ἀποφαίνουσιν
1073 787 1142 859 οὔτ’

13 962 22 967 .
64 892 181 985 όρθιῦς
210 898 348 982 ἐχούσας
378 892 449 965 οὔτ’
483 892 686 985 ἆρεσκούσας
713 901 762 983 τῷ
789 896 998 982 διαθεμένῳ,
1027 899 1086 962 τού
1110 896 1145 962 δέ

61 1001 227 1088 τοσαύτην
256 1008 379 1085 μανίαν
409 1005 665 1089 κατηγοροῦσιν,
698 991 784 1066 ὥστε
813 1002 919 1087 φασίν
943 991 1043 1065 αύτὸν
1065 1001 1145 1086 περὶ

61 1106 220 1182 πλείονος
243 1109 426 1172 ποιεῖσθαι
447 1103 525 1182 τούς
548 1097 637 1190 αύτηῖ
659 1104 922 1191 διαφερομένους
951 1091 972 1188 ἢ
993 1097 1072 1178 τοδς
1095 1099 1146 1166 οἰ-

61 1214 160 1284 κείως
178 1213 381 1295 χρωμένους,
404 1209 459 1274 καὶ
484 1206 535 1284 οίς
562 1208 622 1291 μέν
651 1206 714 1287 ζῶν
744 1199 781 1272 ού
813 1205 977 1291 διελέγετο
1007 1196 1145 1270 όπασαν

62 1310 179 1376 δοῦναι
201 1308 260 1398 τὴν
284 1303 416 1391 οὗσίαν,
445 1309 523 1388 τοὺς
553 1307 586 1376 δ)
617 1309 807 1376 οἰκειότατα
829 1311 1044 1395 κεχρημένους
1067 1299 1144 1372 οὐδὲ

60 1413 252 1477 πολλοστοῦ
279 1416 400 1499 μέρους
430 1405 584 1489 ἀξιῶσαι.
634 1404 720 1477 ὥστε
748 1416 801 1488 τίς
831 1399 871 1475 δν
899 1403 991 1492 ὑμῶν
1018 1407 1194 1484 ταύταςθῖ

61 1510 148 1579 εἶναι
171 1520 287 1600 κυρίας
309 1512 370 1590 τὰς
393 1513 560 1600 διαθήκας
581 1519 792 1600 ψηφίσαιτο,
823 1510 862 1587 ἃς
889 1507 906 1576 6
930 1510 996 1592 ’μὲν
1025 1510 1144 1576 διαθέ-

57 1638 161 1697 μενος
183 1611 228 1691 ώς
252 1607 309 1680 ούκ
331 1608 446 1700 ὀρθῶς
463 1613 601 1695 ἐχούσας
619 1607 876 1695 ἀπεδοκίμασεν,
899 1604 992 1676 οὗτοι
1008 1603 1040 1674 δ’
1060 1609 1144 1696 ἔργῳ

60 1716 200 1781 λύουσιν
223 1714 398 1791 ἐθέλοντες
419 1711 499 1801 ήμῖν
524 1715 740 1802 ίσομοιρήσαι
760 1717 820 1800 τῆς
843 1705 975 1797 ούσίας,
998 1708 1085 1797 πρὸς
1108 1710 1144 1776 δὲ

57 1816 195 1894 τούτοις
216 1812 312 1904 ήμεῖς
334 1813 410 1901 ὑμῖν
434 1810 671 1906 ἆποφαίνομεν
701 1815 853 1892 ἐναντίας
881 1809 984 1891 ούσας
1011 1817 1067 1881 καὶ
1096 1815 1144 1899 τῷ

60 1917 154 2003 νόμην
170 1921 313 1996 καὶτοῖς
329 1918 472 1997 δικαίοις
493 1922 548 1986 καὶ
563 1923 604 2006 τῇ
618 1923 678 1986 τοῦ
699 1917 968 2006 τετελευτηκότος
990 1916 1143 2004 διανοίης

158 2016 262 2104 Οἶμαι
286 2014 318 2086 δ’
343 2018 429 2106 ὑμᾶς
450 2020 488 2088 τό
512 2025 592 2109 περὶ
613 2018 707 2109 ἡμῶν
731 2022 859 2088 δίκαιον
888 2012 1074 2107 σαφέστατ’
1102 2007 1142 2083 ἂν
1157 2034 1194 2092 36

63 2115 148 2208 παρ’
169 2116 278 2188 αὐτῶν
292 2122 418 2191 τούτων
434 2123 687 2191 πυνθάνεσθαι.
717 2123 747 2190 εἰ
762 2123 825 2211 γάρ
836 2147 888 2200 τις
900 2114 1021 2198 αύτούς
1032 2119 1142 2207 ἔροιτο

63 2221 121 2289 διὰ
144 2229 177 2289 τί
192 2217 322 2302 ἀξιοῦσι
338 2226 537 2315 κληρονόμοι
551 2231 712 2312 γενέσθαι
733 2228 798 2292 τῶν
814 2221 1026 2305 Κλεωνύμου,
1048 2211 1139 2285 τοῦτ’

62 2315 104 2391 όῖν
127 2325 235 2393 εἰπεῖν
259 2325 372 2409 έχοιεν,
396 2321 450 2395 ότι
463 2330 521 2394 καὶ
535 2332 622 2414 γένει
637 2327 749 2394 ποθὲν
765 2324 973 2415 προσήκουσι
987 2324 1044 2389 καὶ
1059 2319 1143 2387 έκεῖ-

60 2452 118 2507 νος
141 2421 254 2506 αὐτοῖς
275 2429 394 2516 χρόνον
415 2429 492 2497 τινὰ
516 2427 716 2520 ἐπιτηδείως
738 2430 888 2496 διέκειτο.
934 2420 990 2493 ούκ
1013 2415 1053 2493 δν
1077 2419 1154 2514 όρα,

57 2526 143 2618 ὑπὲρ
165 2528 259 2618 ἡμῶν
281 2522 452 2621 μᾶλλονή
480 2529 568 2623 ύπὲρ
599 2537 696 2622 σφων
725 2526 834 2600 αύτοίν
864 2527 930 2599 εἶεν
959 2529 1140 2620 είρηκότες;

59 2633 93 2698 εί
118 2659 154 2699 τε
182 2633 243 2722 γὰρ
273 2633 329 2702 διὰ
357 2633 416 2722 τήν
445 2640 505 2703 τοῦ
537 2642 650 2723 γένους
679 2629 868 2724 όιγχιστείαν
897 2636 950 2701 δεῖ
980 2637 1141 2721 γενέσθαι

57 2732 153 2812 τινὰς
174 2736 406 2824 κληρονόμους,
429 2734 529 2825 ήμεῑς
551 2737 709 2828 ἐγγυτέρω
736 2744 823 2825 γένει
850 2738 1078 2827 προσήκομεν·
1109 2737 1142 2804 εί
1157 2750 1192 2807 87

56 2863 95 2904 τε
119 2837 175 2905 διὰ
197 2837 257 2924 τήν
280 2841 398 2924 φιλίαν
419 2838 479 2926 τὴν
505 2836 736 2928 ὑπάρχουσαν,
767 2843 881 2909 ἰ’σασιν
905 2834 1006 2907 αὐτὸν
1030 2835 1139 2907 ἅπαν-

54 2965 114 3017 τες
129 2935 209 3024 ἡμῖν
225 2937 425 3025 οἰκειότερον
443 2939 661 3023 διακείμενον.
698 2935 781 3008 ὥστ’
804 2936 841 3008 ού
855 2939 916 3028 χρή
933 2935 1017 3028 παρ’
1035 2938 1139 3029 ήμῶν,

56 3035 147 3106 ἀλλὰ
171 3038 249 3126 [καὶ]
273 3031 356 3126 παρ’
383 3033 491 3106 αὖτιῦν
514 3040 640 3109 τούτων
668 3042 912 3110 πυνθάνεσθαι
936 3041 974 3110 τὸ
999 3043 1139 3111 δίκαιον.

56 3143 197 3208 πόντων
221 3136 254 3208 δ)
281 3131 321 3208 δν
344 3141 394 3232 ε’ίη
419 3143 625 3232 δεινότατον,
655 3145 685 3213 εἰ
713 3160 785 3224 τοῖς
806 3147 866 3231 μέν
890 3141 1004 3224 ἄλλοις
1026 3153 1189 3236 ψηφί·38

59 3244 192 3324 ζοισθε,
218 3236 299 3310 όταν
321 3245 454 3332 θάτερα
475 3245 602 3314 τούτων
632 3241 871 3338 ἆποφαίνωσιν
895 3253 986 3338 σφᾶς
1009 3242 1137 3331 αύτούς,

128 3476 144 3525 6
161 3470 274 3540 ταύτηει
292 3478 416 3529 τ......εΑ
434 3493 479 3544 χιε,
503 3494 566 3531 corr.
588 3481 600 3531 1
622 3507 656 3518 —
677 3474 808 3544 ύπούσητε
828 3495 876 3533 em.
895 3480 956 3533 Nbr.
974 3510 1008 3519 —
1032 3485 1046 3531 7
1065 3498 1138 3550 χινα·

56 3560 140 3625 μένηῖ
158 3557 187 3618 0·
256 3559 301 3616 34.
320 3565 335 3615 3
352 3580 382 3632 γε
400 3562 423 3614 Α
440 3579 513 3629 corn,
531 3562 596 3615 ττΑ
607 3562 680 3629 pluo
698 3592 732 3602 -
749 3565 800 3630 μὲν
818 3558 986 3629 διαθήκαελ)
1005 3593 1039 3602 -
1057 3568 1072 3616 5
1092 3559 1138 3617 αύ-

56 3641 101 3694 τῶ
113 3641 133 3692 Α
147 3670 180 3682 -
199 3648 214 3696 6
233 3640 444 3715 διαφέρονταεθ
462 3676 497 3687 -
514 3642 606 3700 ’ίούδέ
617 3647 678 3698 Cob.
696 3676 730 3686 -
749 3645 929 3711 8οίκτιότητα
947 3651 1136 3714 κεκτημένουεε

58 3742 108 3778 em.
127 3726 174 3778 Bk.
243 3727 289 3784 85.
307 3731 322 3782 2
340 3733 432 3799 κυρίας
449 3731 518 3783 εἶναι
539 3736 692 3800 ψηφίσαιτο
709 3727 757 3784 τότε
774 3727 853 3784 διαθ.
870 3729 890 3790 Q
908 3759 942 3770 -
960 3735 975 3785 3
994 3728 1033 3784 οἷς
1049 3749 1098 3786 om.
1113 3734 1136 3784 A

57 3828 105 3879 pr„
123 3813 150 3863 in
168 3829 192 3864 ν.
211 3813 268 3866 εδδ.
284 3819 305 3866 1.
351 3812 397 3869 8⁶
419 3811 542 3880 1ἡμῶν;
559 3810 716 3880 ἡμᾶεθ-
735 3808 817 3869 δούκ
834 3809 870 3865 ἂν
887 3812 952 3866 Mai:
970 3812 1068 3870 οὐκοῦν
1082 3817 1136 3877 AQ.

126 3894 169 3952 87.
190 3893 388 3968 3οίκοιόττρον
405 3899 427 3949 Α
445 3913 491 3964 pn,
510 3903 652 3950 corrl—
670 3902 751 3951 4καὶ
764 3898 814 3951 del
828 3896 904 3950 Schb.
968 3897 1013 3956 88.
1032 3898 1137 3954 2656-

56 3981 169 4050 τεραλ,
187 3980 345 4051 θέατραθι
364 3998 414 4038 em.
431 3981 488 4035 Ald.
