2550 4478
58 247 60 252 ’
100 260 147 311 τῖε,
344 241 417 296 ΠΕΡΙ
433 241 497 296 ΤΟΥ
513 241 716 296 ΑΡΙΣΤΑΡΧΟΪ
733 241 871 296 ΚΛΗΡΟΥ.
1079 242 1139 302 117

58 486 60 493 Ι
99 410 196 491 παντὸς
223 410 353 500 τρόπου
380 417 607 500 ψηφίσασθαί
626 430 709 502 μοι·
739 404 826 479 οῦτοι
847 410 911 500 γάρ
934 400 974 479 άν
995 412 1143 497 μάλιστα

98 505 257 601 Άστυφίλῳ
278 537 317 579 τε
335 519 540 602 χαρίσαισθε
561 506 645 599 κάμὲ
667 506 725 580 οῦκ
748 502 788 580 άκ
811 505 1014 600 άδικήσαιτε.

500 720 703 729 -—-—

586 884 619 949 X.

357 1017 503 1086 1111202
530 1017 852 1078 Ξεκκιπετοιι

142 1152 270 1233 ΠΕΡΙ
300 1151 409 1234 ΤΟΥ
438 1149 794 1234 ΑΡΙΣΤΑΡΧΟΥ
823 1152 1071 1235 ΚΛΗΡΟΥ.

526 1307 679 1316 ——-—

485 1442 718 1496 ΥΠΟΘΕΣΙΣ.

164 1536 337 1615 Ἀρίσταρχάς
352 1556 395 1592 τις
411 1538 556 1612 τεσσάρων
573 1539 664 1612 πατὴρ
681 1537 826 1611 γενόμενος
844 1536 963 1606 παίδων,
981 1534 1143 1609 Κυρωνίδου

112 1628 146 1676 καί
161 1622 333 1696 Δημοχάρους
354 1629 400 1677 καί
423 1625 471 1691 τῆς
492 1622 594 1698 μητρὸς
617 1625 665 1678 τοῦ
683 1622 808 1694 λέγοντος
823 1621 875 1677 τὸν
899 1621 981 1695 λόγον
998 1627 1043 1676 καί
1061 1619 1142 1690 άλλης

87 1754 88 1758 ,
111 1703 183 1780 κόρης,
199 1705 310 1763 τούτων
331 1711 384 1778 μέν
406 1706 458 1762 τὸν
476 1705 641 1779 Κυρωνίδην
658 1710 700 1760 έτι
718 1704 824 1777 περιών
847 1709 1019 1776 εἰσεποίησεν
1039 1708 1076 1761 εἰς
1092 1706 1142 1762 τὸν

111 1793 262 1848 Ξεναινέτου
278 1794 329 1847 τοῦ
346 1791 416 1845 κατὰ
432 1797 537 1866 μητέρα
555 1791 671 1847 πάππου
689 1788 795 1861 κλῆρον,
815 1791 896 1848 αὐτὸς
913 1790 944 1846 δέ
960 1792 1143 1867 κληρονόμους

109 1877 159 1932 τοῦς
176 1877 286 1932 λοιποὺς
304 1878 393 1944 έαυτηῦ
412 1874 555 1946 κατέλειψε
572 1873 680 1930 παῖδας.
714 1875 784 1944 μετὰ
795 1879 884 1931 ταῦτα
896 1878 1009 1946 τελευτᾷ
1025 1881 1078 1947 μέν
1090 1881 1141 1946 Δη·
1160 1887 1175 1938 5

107 1962 211 2036 μοχάρης
223 1961 314 2027 ἅπαις,
332 1966 378 2014 καί
391 1958 407 2028 ἡ
423 1967 474 2029 μία
486 1961 612 2034 θυγάτηρ
624 1960 708 2015 αὐτοῦ
720 1967 766 2014 καί
784 1959 853 2031 αῦτὴ
869 1962 960 2030 άπαις,
979 1962 993 2019 ὁ
1006 1960 1037 2016 δέ
1048 1961 1143 2037 κλῆρος

107 2041 160 2104 ὅλος
175 2055 285 2121 ἔρχεται
303 2044 416 2099 δικαίως
438 2047 475 2100 εἰς
498 2045 549 2113 τὴν
566 2051 670 2117 μητέρα
688 2048 737 2100 τοῦ
754 2045 879 2119 λέγοντος
902 2048 953 2106 τὸν
970 2046 1060 2121 λόγον.
1096 2053 1142 2101 καὶ

58 2192 60 2207 Ι
106 2135 245 2204 ταῦταμὲν
257 2126 355 2185 οῦτως·
372 2129 441 2200 μετὰ
457 2127 549 2198 δέτὴν
556 2126 860 2204 τελευτὴνἌριστάρχου
867 2130 1057 2203 Ἀριστομένης
1067 2129 1144 2184 ἀδελ-

106 2217 147 2287 φάς
158 2214 200 2273 ὧν
213 2213 297 2270 ου’-τοῦ
312 2214 441 2268 καὶκατὰ
457 2212 543 2277 νόμον
561 2217 708 2286 ἐπίτροπος
723 2216 784 2268 τῶν
801 2217 850 2270 τοῦ
866 2212 985 2285 ἀδελφοῦ
1001 2212 1143 2286 γινόμενος

105 2300 214 2366 παίδων,
227 2298 361 2354 έκδέδωκε
373 2297 520 2373 Κυρωνίδη
532 2301 573 2367 τηῦ
593 2297 729 2365 έκποιῆτφ
742 2298 792 2366 υἱῷ
804 2295 979 2369 Ἀριστάρχου
990 2298 1042 2366 τὴν
1054 2299 1141 2370 θυγα·
1161 2306 1193 2356 10

105 2391 160 2461 τέρα
177 2387 285 2453 ἑαυτοῦ,
304 2382 530 2456 ἐπαγγειλάμενοι
548 2383 724 2457 περιποιῆσαι
737 2375 811 2450 αὐτῷ
831 2380 880 2436 τὸν
890 2376 1064 2458 Ἀριστάρχου
1081 2382 1141 2452 κλῆ·

105 2490 152 2542 ρον.
188 2467 257 2537 ὃδὴ
274 2475 320 2523 καί
337 2474 481 2535 πεποίηκε·
500 2471 645 2541 γενομένου
662 2464 714 2538 γάρ
732 2465 791 2519 υἱοῦ
808 2469 849 2535 τῷ
862 2467 1010 2544 Κυρωνίδη
1028 2472 1142 2544 πρῶτον
1199 2459 1206 2474 ’

104 2559 147 2621 μέν
164 2554 253 2624 ὄνομα
277 2556 318 2622 τῷ
342 2551 422 2608 παιδί
445 2550 477 2606 τά
501 2553 549 2606 τοῦ
573 2547 690 2607 πάππου
709 2548 872 2621 δεδώκασιν,
887 2553 1064 2627 Ἀρίσταρχον
1081 2550 1141 2608 ὀνο·
1167 2547 1168 2550 ¹

103 2639 243 2706 μάσαντες,
268 2638 328 2692 εἶτα
350 2640 525 2705 είσεποίησαν
549 2631 633 2691 αάτὸν
650 2638 687 2690 εἰς
710 2636 760 2692 τὸν
783 2639 851 2706 (τοῦ)
870 2638 986 2694 πάππου
1010 2639 1085 2692 οἶκον
1103 2633 1143 2691 οἱς

104 2719 131 2790 δὴ
146 2726 231 2778 τοῦτο
249 2725 352 2776 ἐκείνου
365 2718 578 2794 προστάξαντος,
595 2727 641 2774 καὶ
653 2719 850 2794 παραδέδωκεν
861 2721 1052 2795 Ἀριστομένης
1063 2722 1139 2789 αὐτῷ
1162 2728 1191 2779 15

104 2807 146 2861 τὸν
163 2802 230 2863 ὅλον
247 2808 296 2861 τοῦ
314 2807 429 2862 πάππου
446 2804 553 2880 κλῆρον.
594 2808 636 2859 έτι
660 2805 690 2860 δέ
707 2812 772 2862 παῖς
789 2801 831 2860 ὢν
848 2809 948 2860 ἐκεῖνος
971 2812 1036 2872 [καὶ]
1053 2805 1141 2860 τελευ-

104 2893 155 2945 τάν
172 2889 343 2964 κληρονόμον
366 2889 436 2945 κατὰ
458 2888 595 2955 διαθήκας
612 2891 777 2957 ένεστήσατο
794 2887 845 2942 τὸν
869 2885 939 2941 ἴδιον
955 2884 1075 2957 ἀδελφὸν
1094 2889 1141 2944 Ξε-

105 2982 232 3030 ναίνετον.
267 2973 377 3029 τούτων
394 2970 467 3029 οῦτω
484 2978 649 3048 γενομένων,
667 2977 712 3025 καί
729 2973 894 3044 κρατοῦντος
907 2971 1072 3028 Ξεναινέτου
1088 2970 1141 3038 τὴν

103 3054 270 3133 Ἀριστάρχου
288 3062 336 3113 τοῦ
355 3059 475 3115 παλαιοῦ
493 3059 598 3124 οὐσίαν,
615 3056 784 3128 ἀμφισβητεῖ
800 3053 868 3125 πρὸς
885 3050 971 3109 αὐτὸν
987 3050 1003 3108 ὁ
1020 3052 1075 3107 υἱὸς
1094 3057 1141 3122 τῆς

105 3143 236 3216 θυγατρὸς
251 3140 428 3216 Ἀριστάρχου
446 3146 495 3197 τοῦ
513 3141 640 3208 παλαιοῦ,
658 3140 746 3213 λέγων
769 3137 869 3193 δαυτὸν
885 3138 972 3209 μόνον
990 3139 1061 3193 εἶναι
1078 3138 1140 3208 κλη-
1160 3150 1193 3201 20

105 3229 216 3298 ρονόμον
240 3226 352 3281 δικαίως
375 3229 434 3280 τιῦν
456 3225 625 3298 Ἀριστάρχου
649 3228 699 3280 τοῦ
722 3222 840 3280 παλαιοῦ
861 3221 1017 3298 χρημάτων.
1059 3223 1142 3293 ὁμέν

105 3312 148 3382 γὰρ
166 3309 343 3384 Κυρωνίδης,
366 3318 464 3382 φησίν,
487 3315 628 3379 ἐκποίητος
645 3315 766 3383 ἐγένετο·
791 3306 805 3364 ὁ
830 3307 861 3364 δέ
882 3309 972 3381 πατὴρ
990 3309 1051 3365 υἱὸν
1070 3316 1142 3378 έχων

104 3396 209 3463 γνήσιον
226 3396 278 3451 τίν
296 3392 468 3467 Δημοχάρην,
485 3393 533 3448 οῦκ
552 3392 668 3450 έδῦνατο
692 3395 779 3449 θετὸν
803 3396 892 3463 έαυτηλ
910 3398 1023 3463 ποιῆσαι
1041 3393 1141 3450 παῖδα·

150 3572 165 3623 8
181 3564 321 3640 χαρισθε
339 3581 386 3633 pr„
404 3582 468 3620 corr.
487 3569 503 3618 2
520 3597 554 3605 —
572 3560 733 3633 άδικὴσητες
752 3582 801 3621 em.
819 3567 867 3621 Bk.

60 3683 63 3686 -
148 3651 170 3705 X
188 3654 228 3706 tit.
247 3655 263 3704 2
281 3651 330 3704 τοῦ
348 3646 446 3723 κλήρου
468 3650 518 3703 τοῦ
536 3645 713 3724 ἀριστάρχου,
738 3651 784 3704 sed
801 3652 828 3704 in
844 3652 928 3705 indice
947 3650 1027 3703 totius
1045 3648 1141 3702 codicis

75 3728 116 3780 ²⁰5
136 3729 297 3809 άριστάρχου
320 3732 426 3808 κλήρου.
462 3735 499 3789 Cf.
518 3735 550 3787 ad
568 3735 585 3802 ξ
606 3738 646 3789 10.
715 3736 812 3806 hyp.3
835 3730 945 3788 τοάτων
961 3733 1023 3787 Bk:
1041 3733 1142 3786 τοῦτον

73 3827 102 3846 “
118 3821 164 3882 μέν
181 3837 246 3875 corr.
266 3824 289 3885 2,
306 3817 362 3888 μην
379 3836 417 3888 pr.
441 3850 476 3860 -
499 3823 515 3874 6
534 3813 617 3873 αὐτοῦ
636 3820 686 3873 del.
704 3820 763 3874 Dbr.
786 3847 820 3858 —
845 3822 877 3872 14
894 3818 944 3871 τοῦ
966 3817 1023 3871 εδδ.
1041 3817 1090 3870 Bk.
1108 3847 1143 3856 -

72 3888 188 3960 ¹5a1'na3
206 3922 271 3963 corr.
287 3909 309 3971 l,
328 3901 413 3959 αὐτὸν
424 3921 461 3974 pr.
481 3933 513 3944 —
534 3908 564 3959 16
583 3906 647 3959 παῖς
659 3898 711 3956 άνι
730 3903 814 3967 male„
833 3901 865 3958 εί.
876 3902 892 3971 ς
903 3905 935 3956 22
953 3901 1026 3957 Turr.
1045 3931 1078 3941 -
1096 3903 1143 3952 καί

67 3967 115 4033 ‘¹0¹-
132 3991 189 4048 Ald.
208 4020 241 4030 -—
262 3993 302 4046 17.
323 3992 353 4043 18
372 3989 551 4051 ξ..ναίνειον
569 4005 616 4057 pr„
634 4003 698 4042 corr.
719 3991 731 4039 1
