2572 4476
134 237 194 300 134
619 238 728 293 {mor
1134 253 1172 299 οι.
1186 255 1218 297 11.
1248 232 1259 241 ”

131 411 231 478 παιδὶ
261 412 374 494 λαβεῖν
411 407 681 495 ἐπιδικασαμένφ
711 401 795 496 παρ’
828 407 908 492 ἐμοῦ
938 406 975 475 τό
1006 403 1215 496 ήμικλήριον,

133 507 191 579 οὐκ
222 508 262 579 όν
294 537 379 580 ποτε
410 505 507 578 ταῦτ’
534 510 698 599 ἐποίησαν
727 504 801 577 οὐδ’
828 509 1056 599 ἐπεχείρησαν,
1088 509 1217 589 εἰδότες
1246 537 1259 549 ²

133 608 196 695 ότι,
219 608 271 682 ὅτ’
291 613 325 682 ἐν
346 618 387 702 τῇ
411 607 583 702 άγχιστείφ
604 611 649 700 μή
673 608 766 692 ὄντες
789 610 876 696 εἶχόν
898 616 1013 680 τιτῶν
1035 611 1077 697 μί
1105 637 1215 702 προσ-
1252 618 1259 625 “

130 717 287 807 ηκόντων,
310 709 403 783 τοῦτ’
424 705 464 782 άν
486 710 553 782 ὑπὸ
576 718 643 782 των
666 712 825 800 ἐγγύτατα
846 719 960 801 γένους
975 714 1103 802 ῥηιδίως
1126 707 1216 803 άφη-

131 825 292 910 ρέθησαν.
331 812 429 907 ὅπερ
451 815 514 906 γάρ
536 819 593 884 καί
614 816 780 904 πρότερον
801 813 908 899 είπον,
932 810 969 884 οό
987 817 1110 884 δίδωσι
1124 813 1212 902 μεθ’
1253 840 1259 853 ·

129 918 219 1011 ήμᾶς
240 936 312 999 τοῖς
333 916 507 1009 ἡμετέροις
529 922 630 987 παισί
653 917 690 986 τὸ
720 918 885 1006 παράπαν
906 918 967 1007 τήν
991 913 1187 1006 ἀγχιστείαν
1210 921 1216 1005 Ι

78 1021 150 1091 806
176 1025 286 1108 νόμος,
310 1016 395 1089 ἀλλὰ
410 1036 482 1100 τοῖς
504 1020 591 1109 πρὸς
612 1018 737 1110 μητρός
758 1025 817 1087 τοῦ
831 1020 1098 1109 τελευτήσαντος.
1138 1015 1217 1109 ήκεν

132 1117 173 1192 άν
208 1113 265 1192 οὖν
292 1117 348 1190 ἐπ’
376 1117 459 1189 αὐτὰ
489 1127 588 1190 τοῦτο
617 1123 678 1208 μὲν
706 1118 724 1189 δ
756 1123 913 1190 Γλαύκων
942 1119 960 1189 ό
990 1126 1050 1189 τοῦ
1084 1119 1214 1209 Ἁγνίου

132 1219 288 1313 άδελφός,
312 1222 399 1309 πρὸς
422 1223 460 1290 δν
482 1222 527 1310 μή
544 1216 597 1290 ότι
618 1228 711 1309 γένος
727 1219 814 1306 είχον
830 1219 966 1309 άμεινυν
982 1222 1101 1306 εἰπεῖν,
1127 1218 1215 1291 άλλά

130 1328 187 1392 καί
210 1325 273 1405 ἐξω
296 1328 355 1412 τής
377 1317 566 1410 ἀγχιστείας
596 1317 767 1413 ἐφαίνοντ’
794 1315 834 1391 άν
857 1320 964 1406 ὄντες,
988 1327 1087 1391 τοῦτο
1112 1317 1161 1407 δ’,
1188 1325 1217 1393 εἰ

131 1427 176 1516 μή
201 1426 354 1513 ἐβούλετο
377 1419 488 1507 οὗτος,
518 1421 538 1512 ἡ
562 1420 693 1512 Ἁγνίου
715 1418 865 1494 κάκείνου
891 1425 1014 1516 μήτηρ,
1042 1429 1216 1515 προσήκον

130 1534 187 1597 καὶ
217 1524 299 1618 αὐτῇ
326 1533 385 1617 τής
414 1521 603 1615 ἀγχιστείας
628 1531 688 1595 τοῦ
720 1525 820 1616 αότής
849 1529 954 1610 υἱέος,
985 1520 1075 1594 ὥσθ’
1107 1525 1216 1598 ὁπότε

129 1626 306 1721 ἠγωνίζετο
335 1630 423 1719 πρός
452 1629 531 1709 τοὺς
551 1631 653 1719 μηδὲν
675 1636 762 1717 γένει
784 1630 1029 1717 προσήκοντας,
1057 1635 1216 1719 φανεραῖς

132 1724 173 1800 δν
203 1735 301 1819 ἐλαβε
329 1732 366 1800 τὸ
396 1729 592 1821 ήμικλήριον
620 1727 705 1820 παρ’
730 1729 838 1817 ὑμῶν,
867 1736 967 1799 τοῦτο
997 1735 1056 1798 τοῦ
1079 1732 1213 1801 δικαίου

77 1855 115 1913 81
131 1840 189 1905 καὶ
209 1841 277 1904 τῶν
306 1835 415 1920 νόμων
445 1830 528 1923 αὐτῇ
551 1835 753 1902 δεδωκότων.
803 1829 920 1903 οὐκοῦν
946 1833 1002 1902 διὰ
1030 1828 1127 1901 ταῦτ’
1155 1831 1215 1903 οὐκ

130 1938 315 2024 ἐλάγχανεν,
340 1931 397 2020 οὐχ
412 1934 459 2015 ὡς
474 1931 521 2004 δι’
541 1936 598 2021 ἐμέ
612 1928 634 2024 ή
649 1935 726 2014 τοὺς
742 1936 863 2021 νόμους
877 1936 1103 2021 κωλυόμενος,
1127 1931 1215 2005 άλλὰ

129 2039 253 2116 ταύτας
276 2037 358 2126 [τὰς]
382 2038 572 2127 προφάσεις
594 2037 797 2122 ποιούμενος
820 2037 879 2106 ἐπί
893 2039 1016 2118 ταότας
1037 2037 1099 2116 τὰς
1116 2063 1215 2108 συκο-

131 2148 277 2231 φαντίας
300 2136 472 2229 ἐλήλυθεν,
496 2138 532 2220 ἐξ
545 2134 592 2208 ὦν
613 2139 745 2231 γραφήν
759 2140 975 2230 γραψάμενος
990 2144 1044 2208 καί
1061 2140 1120 2226 ἐμὲ
1135 2142 1214 2210 δια-

130 2245 264 2330 βάλλων
288 2244 415 2326 ἐλπίζει
434 2243 588 2332 χρήματα
611 2243 787 2332 λήψεσθαι
801 2247 856 2312 καί
873 2243 930 2328 ἐμὲ
950 2247 1009 2332 τής
1023 2242 1215 2333 ἐπιτροπῆς

132 2342 349 2426 ἀπαλλάξειν.
394 2350 448 2414 καὶ
479 2347 587 2415 σ’ίεται
616 2348 725 2414 δεινοῦ
755 2372 845 2426 τινος
868 2340 989 2434 ἀνδρὸς
1017 2345 1112 2435 ἐργον
1136 2347 1214 2414 δια-

130 2451 347 2537 πράττεσθαι
361 2442 500 2526 ταύταις
513 2463 589 2525 ταῖς
603 2463 840 2535 παρασκευαῖς,
859 2442 912 2516 ότι
926 2448 971 2537 μή
988 2448 1213 2537 κατορθώσας

129 2551 191 2635 μὲν
214 2543 308 2615 οὐδὲν
338 2543 462 2614 ἀπολεῖ
488 2552 555 2614 τῶν
585 2545 701 2627 αὑτοῦ,
732 2548 1004 2633 διαπραξάμενος
1026 2543 1059 2616 δ’
1087 2549 1108 2616 ἃ
1129 2551 1214 2636 βοό-

131 2655 226 2717 λεται
247 2650 304 2715 καὶ
325 2647 368 2713 τὰ
389 2652 448 2714 τοῦ
470 2647 595 2724 παιδὸς
618 2641 725 2722 άδειῦς
746 2643 809 2733 ήδη
833 2647 1042 2732 διαφορήσει.

78 2766 117 2822 82
222 2745 348 2818 Οόκοῦν
364 2742 401 2816 οδ
426 2749 478 2816 δεῖ
498 2753 674 2835 προσέχειν
695 2743 781 2829 ὑμᾶς
802 2760 874 2824 τοῖς
888 2746 1007 2813 τούτου
1024 2748 1138 2833 λόγοις
1153 2754 1215 2824 τὸν

132 2858 223 2937 νοῦν,
252 2846 322 2920 οὐδ’
349 2851 559 2941 ἐπιτρέπειν,
591 2842 662 2914 οὐδ’
696 2846 822 2928 ἐθίζειν
851 2844 938 2916 εἶναι
968 2847 1101 2938 γραφὰς
1131 2859 1215 2944 περὶ

131 2952 178 3025 ὦν
201 2957 291 3034 ἰδίας
313 2957 406 3033 δίκας
428 2955 461 3021 οἱ
483 2951 581 3035 νόμοι
602 2950 839 3040 πεποιήκασιν.
885 2949 978 3018 ἁπλᾶ
1005 2950 1069 3040 γὰρ
1092 2953 1135 3020 τά
1159 2956 1214 3025 δί-

124 3087 211 3128 καια
239 3057 457 3126 παντάπασίν
487 3053 558 3121 ἐστι
586 3056 642 3119 καὶ
670 3053 820 3142 γνώριμα
842 3060 983 3139 μαθεῖν·
1014 3053 1035 3121 ἃ
1066 3054 1129 3142 ἐγώ
1154 3058 1214 3126 διά

124 3166 280 3247 βραχέων
309 3156 415 3225 είπιδν
443 3158 498 3223 καὶ
528 3161 851 3243 παρακαταθέμενος
879 3153 956 3241 ὑμῖν
982 3159 1212 3246 μνημονεύειν,

132 3261 188 3329 ἐπὶ
218 3260 278 3347 τήν
305 3256 415 3358 άλληνῃ
435 3253 621 3345 άπολογίαν
649 3254 711 3346 ήδη
740 3263 911 3344 τρέψομαι
937 3263 1004 3326 των
1027 3285 1212 3352 κατηγορη-

79 3367 272 3434 θῖθέντων.
315 3366 350 3426 τί
379 3357 436 3426 σόν
464 3358 536 3427 ἐστι
565 3363 686 3441 ταῦτα,
716 3362 771 3426 καὶ
800 3366 835 3427 τί
862 3360 1068 3447 δισρίζομαις
1096 3361 1126 3428 εἰ
1148 3368 1212 3447 μέν

131 3459 205 3533 κατ’
232 3458 420 3551 άγχιστείαν
442 3465 509 3526 τῶν
524 3457 655 3549 Ἁγνίου
677 3467 827 3546 μετεῖναί
849 3486 934 3552 φησι
955 3466 1003 3548 τῷ
1026 3463 1126 3529 παιδί
1148 3469 1211 3531 τοῦ

130 3565 326 3656 ἡμικληρίου
333 3615 342 3644 ,
373 3565 499 3646 λαχέτω
522 3563 609 3653 πρὸς
629 3563 689 3632 τὸν
712 3560 868 3652 άρχοντα,
898 3555 958 3630 κάν
980 3560 1074 3648 ὑμεῖς
1087 3571 1211 3654 ιψηφί-

219 3740 235 3788 4
252 3729 305 3797 ὅτι,
323 3727 365 3786 ὅτ’
386 3733 447 3787 Bk.:
466 3729 550 3788 ὁπότ’
630 3734 676 3790 80.
695 3739 710 3788 2
728 3741 789 3802 post
807 3728 883 3786 αὐτά
897 3740 1021 3802 punctum
1038 3739 1065 3786 et
1081 3733 1175 3787 lacuna
1195 3738 1211 3788 2

131 3823 181 3874 litt.
204 3847 238 3858 —
261 3823 275 3874 8
294 3818 375 3873 τοῦτο
393 3836 456 3875 corr.
475 3823 500 3887 2,
518 3817 626 3874 τούτο..
644 3838 681 3888 pr.
766 3818 810 3874 81.
829 3822 844 3872 2
863 3820 923 3886 ἐμὲ.
941 3836 979 3886 pr.
1000 3848 1033 3859 —
1058 3820 1073 3871 3
1090 3813 1140 3870 τδε
1161 3819 1213 3876 del.

131 3906 191 3960 Dbr.
209 3933 243 3944 -
261 3908 277 3959 4
296 3905 343 3972 ἐμὲ
360 3904 421 3959 Bk:
438 3924 473 3973 με
541 3904 586 3960 82.
607 3911 619 3959 1
639 3902 737 3958 τούτου
755 3920 819 3957 corr.
837 3909 859 3971 1,
877 3900 983 3958 τοότ...
1002 3919 1039 3970 pr.
1058 3932 1091 3942 —
1110 3906 1125 3955 2
1143 3899 1209 3957 οὔτ’

132 3987 239 4052 ἐθίζειν
256 4005 302 4057 pn,
321 4005 384 4043 corr.
406 3995 416 4044 1
439 4019 469 4030 -
489 3995 504 4045 6
523 3991 583 4044 τῶν
601 4006 664 4044 corr.
683 3993 706 4054 2,
725 3991 766 4042 τῶ
785 4004 822 4055 pr.
