2572 4476
78 275 98 314 p.
112 263 146 304 39.
387 244 462 298 ΠΕΡΙ
480 243 544 297 ΤΟΥ
561 243 690 298 ΠΥΡΡΟΥ
708 244 843 298 mmor.
1116 238 1157 299 29

77 418 224 503 τυρῆσαι
238 415 440 504 Νικόδημος,
464 411 691 480 ἐπιδέδεικται
706 410 792 499 [τότε
807 417 920 493 πᾶσιλ·
944 412 1108 502 προσήκει
1123 412 1159 479 δὲ

79 518 136 584 καὶ
159 511 249 604 παρ’
275 513 353 601 ύμῖν
374 530 446 594 τοῖς
468 517 550 602 περὶ
569 508 671 582 αύτού
685 514 803 582 τούτου
818 513 877 603 τὴν
893 515 985 604 δίκην
1000 517 1158 598 μέλλουσι

80 624 296 708 ψηφιεῖσθαι
311 618 544 706 ἐξελεγχθῆναι
559 615 617 704 τὴν
631 616 750 683 τούτου
765 624 960 704 μαρτυρίαν.
996 615 1157 700 ἐπιθυμῶ
1175 628 1193 682 8

82 721 117 788 δὲ
146 725 283 809 πρῶτον
311 721 372 805 μὲν
401 723 481 802 περὶ
510 713 611 787 αύτού
638 717 758 787 τούτου
786 723 982 798 πυθέσθαι,
1016 711 1056 805 55
1084 719 1159 786 τινά

82 847 168 889 ιτοτε
190 822 314 909 προῖκά
338 847 442 944 φησιη
465 819 605 899 ἐπιδούς
627 819 781 887 ἐκδοῦναι
807 818 867 908 τὴν
890 813 1077 907 άδελφὴν“
1061 845 1078 884 ο
1102 844 1161 903 με·

82 922 307 1050 μαρτυρηκηδς
326 929 375 1010 τη]
403 923 462 991 τὸν
489 923 726 1045 τριτάλαντον
736 919 826 990 οἶκον
853 926 1054 1011 κεκτημένῳ,
1090 917 1163 987 είτα

82 1052 227 1116 σοτερον
248 1053 267 1112 η
293 1025 429 1148 ἐγγηητὴ
452 1023 530 1114 γυνὴ
555 1016 759 1146 ηἰντέλιτιε
725 1051 783 1092 τον
806 1020 911 1147 ἄνδρα
938 1012 1086 1104 ζωντα”
1065 1049 1085 1109 η
1108 1046 1163 1088 τε·

84 1128 305 1216 λευτησαντος
327 1126 386 1194 τὸν
413 1121 570 1196 οίκον
533 1132 648 1210 αυτοῦ,
678 1130 733 1195 καλ
763 1152 835 1215 παρ
881 1119 960 1193 ὅτου
983 1123 1162 1210 ἐκομίσατο

83 1229 144 1318 τὴν
166 1235 223 1319 τῆς
247 1223 395 1318 ἀδελφῆς
422 1243 547 1319 προῖκα
576 1224 687 1316 ούτος,
718 1229 834 1319 ἐπειδὴ
863 1225 1101 1316 τετελευτηκώς
1122 1213 1163 1315 ἦν

83 1327 147 1418 υἷι
134 1331 380 1421 μεμαρτύρηκεν
403 1325 499 1410 οὗτος
522 1325 624 1420 αὐτὴν
648 1330 812 1455 55555055
835 1322 856 1417 5
876 1331 906 1398 εἰ
920 1329 967 1456 μη
983 1330 1060 1414 ἓκομ
1064 1329 1198 1410 ίζετο,9

84 1430 211 1501 ὁποίαν
234 1434 327 1522 δίκην
351 1438 444 1500 σίτου
466 1424 487 1519 5
510 1437 568 1521 τῆς
590 1432 732 1520 προικὸς
755 1428 855 1522 αύτης
878 1432 912 1501 ἐν
935 1433 1059 1500 είκασιν
1075 1431 1165 1498 ἔτεσι

82 1540 133 1622 τῴ
157 1536 264 1618 ἔχοντι
286 1533 344 1601 τὸν
364 1536 369 1619 Ι
388 1536 507 1620 κλῆρον
529 1534 738 1601 δικάσασθαι
758 1525 955 1621 ἠξίωσεν,
933 1560 953 1621 η
979 1535 1011 1599 εί
1030 1559 1089 1599 του
1108 1526 1165 1598 άν-

81 1636 278 1754 θρώπων
265 1641 375 1702 εναντί
377 1661 414 1702 ον
437 1636 633 1721 προσῆλθεν
656 1634 782 1721 ἐγκαλα
784 1661 801 1700 ν
815 1660 861 1720 τῳ
849 1634 1071 1723 κληρονόμῳ
1087 1638 1166 1756 περὶ

82 1742 149 1824 τῆς
172 1735 311 1824 προικὸς
333 1739 393 1823 της
416 1728 593 1824 ἀδελφῆς
579 1761 613 1802 εν
626 1735 734 1856 χρόνῳ
750 1734 909 1857 τοσούτῳ.
940 1744 1035 1866 περί
1052 1761 1088 1802 τε
1110 1735 1166 1804 σύν

81 1837 215 1905 τούτων
236 1828 388 1958 ἡδέως>
366 1864 406 1903 αν
428 1831 669 1926 νιυθοίμην,’
648 1864 666 1905 ο
689 1844 724 1905 τί
745 1832 825 1905 ποτ’
850 1824 891 1927 ἦν
912 1838 951 1907 τὸ
976 1840 1168 1908 αἴτιοντοῦ

83 1938 189 2028 μηδὲν
211 1938 338 2005 τούτων
338 1943 564 2064 γεγενῆσθαι
590 1942 670 2029 περὶ
696 1944 755 2029 τῆς
785 1939 1010 2065 ἐγγηητης-
1039 1968 1085 2022 ως
1107 1968 1166 2028 με·

84 2040 290 2166 μαρτύρηκεν
314 2034 479 2163 ούτυς-
503 2042 672 2128 γυναικός,
702 2047 760 2110 καὶ
786 2043 873 2133 πρὸς
898 2045 1031 2123 τούτοις
1061 2046 1094 2112 εί
1114 2070 1166 2123 τις
1184 2058 1219 2114 10

87 2139 224 2220 ἄλλος’
211 2141 366 2231 εγγυητὴν
389 2141 461 2225 ἔσχε
483 2141 543 2231 τὴν
564 2144 683 2211 τούτου
688 2138 855 2266 άδελφην
877 2160 1027 2232 γυναῖκα,
1055 2136 1076 2232 5
1098 2149 1165 2210 τῶν

88 2245 264 2367 πρότερον
280 2248 497 2364 χρησαμένων
526 2248 606 2327 πρὶν
635 2249 759 2330 γνῶναι
786 2246 844 2313 τὸν
877 2242 1036 2332 ἡμέτερον
1069 2249 1166 2311 θεῖον

89 2342 206 2433 αὐτήν,
243 2338 264 2435 5
298 2340 375 2414 ὅσοι
409 2345 532 2412 ἐκείνου
567 2345 805 2431 γιγνώσκοντος
838 2346 983 2436 ἑνιλησία
963 2345 1040 2428 αζον
1074 2339 1165 2433 αύτῆ,

87 2441 108 2536 5
133 2442 210 2517 ὅσοι
231 2441 369 2535 ύστερον
392 2446 594 2535 ἐπλησίαζον
615 2447 884 2537 τετελευτηκότος
903 2448 970 2516 ἐκεί
957 2455 1043 2516 ίνου·
1068 2449 1166 2536 δῆλον

87 2543 194 2638 755⁰
175 2577 229 2618 οτι
250 2548 309 2617 τὸν
335 2543 435 2616 αύτδν
456 2545 626 2637 τρόπονὸ
657 2543 804 2678 άδελιηὸς
833 2545 984 2640 αύτὴν”
963 2574 1073 2620 αντασι
1095 2566 1166 2630 τοῖς

89 2652 334 2742 πλησιάζουσιν
357 2649 519 2768 ἐδεδώκει.
564 2655 644 2740 περὶ
667 2646 713 2719 ὦν
729 2679 758 2720 ει
748 2653 903 2742 ’δεήσειε
918 2649 1001 2721 καθ
1029 2655 1166 2721 ἕκαστον
1185 2674 1217 2727 11

90 2756 257 2834 διελθεῖν,
288 2746 346 2819 ούκ
375 2743 415 2819 δν
443 2753 532 2820 πάνυ
560 2752 678 2840 μικρὸν
708 2753 802 2843 ἐ’ργον
830 2762 970 2842 γένοιτο
1022 2753 1079 2821 ἐὰν
1108 2755 1168 2837 μὲν

90 2855 150 2924 σύν
171 2852 266 2940 ὑμεῖς
286 2853 451 2942 κελεύητε,
474 2856 553 2940 περὶ
577 2853 674 2920 ἐνίων
696 2849 927 2942 μνησθείην
906 2848 946 2921 ἂν
970 2848 1093 2919 αὐτων
1140 2855 1169 2920 εἰ

90 2959 129 3024 55
151 2981 239 3024 τισιν
262 2952 354 3040 ὑμῶν
378 2949 517 3043 άηδὲς
500 2953 631 3020 ακούειν
654 2951 754 3034 ἐστίν,
778 2948 946 3041 ὥσπερι
918 2953 992 3037 ἐμοὶ
1016 2955 1121 3038 λέγειν
1135 2981 1169 3021 τι

89 3063 171 3147 περὶ
193 2982 336 3138 τούτδιν,
369 3049 471 3133 αύτὰς
500 3052 561 3132 τὰς
589 3060 774 3143 μαρτυρίας
798 3050 876 3139 ύμῖν
898 3054 1087 3143 παρέξομαι
1109 3055 1170 3136 τὰς

88 3165 364 3250 μαρτυρηθείσας
387 3157 421 3224 55
443 3161 484 3246 τῇ
506 3161 655 3247 προτέρᾳ
678 3156 767 3246 δίκη,
797 3149 843 3224 ὦν
869 3151 1010 3247 ούδεμιᾷ
1032 3156 1170 3248 ἐπισκη-

88 3267 234 3349 ψασθαι
255 3255 403 3348 ἠξίωσαν
426 3254 527 3329 οὗτοι.
572 3265 681 3328 καίτοι
704 3253 791 3328 ὅπου
820 3261 933 3352 κοινὴν
955 3255 1057 3350 αὐτὴν
1079 3258 1169 3348 ὦμο-

90 3363 271 3452 λογήκασιν
294 3359 380 3430 εἶναι
401 3365 460 3429 τού
480 3365 693 3448 βουλομένου,
716 3360 776 3453 τὴν
797 3379 944 3450 γυναῖκα,
968 3370 1042 3443 πῶς
1059 3355 1099 3432 δν
1123 3366 1169 3432 εἰ·

88 3466 199 3543 κότως
220 3461 240 3553 5
265 3458 345 3552 αὕτη
368 3462 445 3553 γυνη
463 3462 597 3554 ἐγγυητὴ
615 3465 741 3545 δόξειεν
757 3461 860 3552 ελναι,·
883 3463 968 3536 ἀλλὰ
983 3466 1047 3552 μὴν
1063 3462 1169 3533 ὁπότε
1185 3484 1221 3540 1ο

88 3567 137 3655 μὴ
163 3567 407 3655 ἒπεσκημμένοι
431 3566 496 3633 εἶσὶ
519 3579 594 3642 ταῖς
616 3568 695 3652 περί
712 3560 812 3634 αύτού
826 3569 945 3637 τούτου
961 3573 1168 3654 μαρτυρίαις,

161 3744 178 3793 4
196 3733 391 3792 ίπιδέδεικται.
404 3750 441 3801 pr.
454 3764 488 3773 —
499 3730 564 3786 τότε
575 3735 642 3788 πᾶσι
655 3734 704 3791 del.
715 3737 747 3789 de
758 3751 825 3788 meo.
877 3738 902 3791 8.
916 3741 931 3788 5
944 3731 1061 3788 ἀπέλιπε
1072 3750 1136 3788 corr.
1151 3740 1170 3798 1,

90 3820 221 3880 ,ατέλιπε
233 3839 270 3891 με.
288 3850 322 3859 -
340 3817 419 3875 θεὸν
431 3817 505 3870 οἷκον
517 3820 543 3870 in
560 3834 610 3884 mg.
623 3825 645 3872 1.
697 3819 723 3876 θ.
737 3824 752 3874 3
764 3815 900 3885 ἠξίωκας
919 3835 968 3871 em.
980 3817 1041 3872 Rsk.
1094 3817 1137 3872 10.
1156 3824 1171 3872 6

89 3903 139 3962 ὅτι
157 3912 237 3962 ε.ν.1
258 3935 290 3948 ·-
308 3902 324 3957 5
340 3906 367 3958 in
384 3920 409 3956 v.
428 3902 484 3954 add.
507 3906 569 3955 1—
588 3906 601 3952 Ἰ
621 3905 649 3957 st.
667 3899 823 3956 ἐκδέδωκεν.
882 3905 923 3957 11.
942 3907 956 3954 7
974 3897 1173 3973 δμολογὴκασιν

90 4008 142 4062 pr„
160 4008 224 4046 corr.
245 3995 267 4045 1.
296 3988 363 4049 ,15
382 3992 397 4042 2
415 3989 634 4054 ίιτ..σκημμευοι
651 4004 729 4055 με.,ι
746 3987 773 4039 iu
791 4002 839 4039 ras.
861 3991 882 4050 1,
900 4002 953 4040 ατο.
971 3987 1028 4040 εδδ.
1048 3989 1063 4038 2
