2572 4476
76 265 102 304 ,χ
114 255 148 296 ες
396 238 472 292 ΠΕΡΙ
489 239 554 294 ΤΟΥ
570 240 689 294 ΑΓΝΙΟΥ
706 240 844 296 nuper.
1112 238 1173 300 133

81 407 148 488 δέν,
180 406 244 475 διὰ
275 413 311 475 τί
340 395 380 474 ῦν
407 408 615 493 μεταδώσειν
643 404 845 497 ώμολόγουν,
874 414 941 478 τών
968 411 1077 496 νόμιον
1100 411 1175 497 ἐμοὶ

79 508 230 576 πάντων
254 503 365 577 αῦτών
388 511 579 579 δεδωκότων
603 509 662 599 τὴν
683 514 925 600 κληρονομίαις
950 513 1095 600 πότερον
1117 506 1175 580 οῦκ

78 597 119 698 ἦν
141 636 210 695 μοι
237 613 361 695 λαχεῖν,
385 612 481 702 εἰμὴ
504 619 663 696 πείσαιμι
685 612 840 696 τούτους,·
863 606 937 678 ἄλλ’
962 610 980 680 ό
1004 614 1106 699 νόμος
1126 618 1176 702 τῷ

76 714 288 800 βουλομένῳ
318 713 437 781 δίδωσι
464 714 524 803 τὴν
547 714 711 796 ἐξουσίαν,
741 708 827 783 ώστε
848 718 946 781 τοῦτο
970 709 1028 782 οῦκ
1053 702 1093 802 ἦν
1116 709 1176 782 αῦ-

77 829 151 894 τοῖς
176 813 309 883 εἰπεῖν.
347 807 424 881 ἀλλ’
444 813 530 900 εἶχόν
552 815 627 883 τινά
649 841 709 901 μοι
730 824 916 905 μαρτυρίαν
937 820 998 884 τοῦ
1019 816 1176 904 πράγμα-

76 941 152 998 τος,
192 914 240 1004 ἣν
271 916 302 984 εἰ
332 915 377 1004 μὴ
408 912 620 1006 ἐμαρτύρουν,
657 910 716 984 οῦκ
744 916 878 1002 ἐμελλεν
906 916 1176 987 ἐπιδικάσασθαι

76 1010 239 1100 τοῦτων;
269 1011 355 1084 άλλδι
384 1017 468 1085 κατὰ
497 1025 590 1107 γένος
617 1013 864 1109 ἠμφεσβήτουν,
895 1012 933 1086 οό
962 1018 1047 1087 κατὰ
1070 1013 1175 1097 δόσιν,

78 1110 165 1184 ὥστ’
197 1111 300 1186 οῦδὲν
329 1118 397 1187 ἐδει
418 1122 602 1210 μαρτύρων.
655 1116 740 1188 ἀλλὰ
762 1119 827 1210 μὴν
850 1121 880 1188 εί
906 1122 990 1212 μήτε
1011 1122 1225 1194 κοινώσω-26

78 1225 174 1286 σθαι
199 1218 242 1287 τδ
269 1224 407 1308 πρᾶγμα
430 1220 514 1312 ἐνῆν,
538 1216 590 1290 ὅτ’
609 1222 662 1312 ἐζη
686 1226 902 1313 Στρατοκλῆς,
925 1220 1042 1314 μήτεό
1062 1223 1175 1314 πατὴρ

79 1316 179 1422 αότχό
205 1324 388 1391 κατέλιπεν
411 1321 693 1410 ἐπιδικασάμενος
714 1325 840 1394 τούτων
854 1327 967 1415 μηδέν,
990 1327 1073 1414 μήτε
1088 1325 1177 1405 εἷκδς

79 1421 120 1512 ἦν
145 1423 366 1508 μεταδώσειν
390 1422 447 1510 ἐμὲ
467 1425 506 1493 τό
530 1423 727 1515 ἦμικλήριον
743 1425 948 1516 ὁμολογῆσαι
966 1422 1066 1513 αὐτῷ,
1091 1422 1177 1493 ἀπέ-

81 1525 163 1592 δοτε
182 1518 253 1610 (δ’)
268 1521 363 1610 όμεῑς
385 1526 641 1608 ἐπιδικάσαντίς
656 1554 716 1612 μοι
729 1533 848 1595 τοῦτον
863 1528 921 1594 τδν
936 1531 1066 1617 κλῆρον,
1091 1530 1124 1595 οἱ
1140 1528 1177 1595 δέ

81 1627 172 1715 μήτε
199 1625 319 1710 ἐλαχον
341 1631 408 1694 τών
431 1623 540 1697 αῦτών
561 1624 639 1719 μήτ’
660 1623 916 1718 δμφισβητῆσαι
938 1622 1078 1695 πώποτ’
1103 1623 1176 1717 ἠξί-

83 1751 194 1809 ωσαν,
220 1731 296 1807 πώς
307 1727 369 1819 χρὴ
385 1730 529 1809 πιστοὺς
547 1729 633 1800 εἶναι
649 1730 794 1814 νομίζειν
808 1729 887 1810 τοὺς
902 1731 1027 1799 τούτων
1044 1731 1160 1819 λόγους
1166 1760 1177 1814 ,·

83 1828 151 1918 ἐγώ
185 1829 251 1914 μέν
281 1831 398 1916 σ’ίομαι
432 1827 597 1919 οὐδαμῶς.
659 1846 902 1921 προσποιεῖται
935 1841 1046 1902 τοίνυν
1080 1826 1176 1912 οὗτος
1193 1848 1225 1904 22

87 1971 130 1982 -
154 1931 279 2021 ἐπειδὴ
303 1929 395 2000 τοῦτ’
417 1934 554 2014 εἰκότως
578 1926 618 2003 άν
640 1935 858 2020 θαυμάζοιτε,
882 1928 936 2003 ότι
957 1940 1017 2004 τοῦ
1038 1933 1177 2026 ἡμικλη-

86 2041 166 2121 ρίου
192 2032 270 2102 τότε
291 2035 352 2124 τὴν
375 2037 467 2127 δίκην
490 2031 548 2105 οῦκ
570 2036 749 2125 ἐλάγχανον
771 2076 813 2086 -
836 2041 895 2105 τοῦ
917 2040 977 2123 μὲν
996 2039 1040 2127 μὴ
1066 2042 1177 2126 λαχεῖν

86 2134 182 2222 πρδς
213 2134 357 2216 ἐκείνους
385 2137 443 2224 ἐμὲ
473 2135 559 2207 εἶναι
589 2139 698 2206 α’ίτιον
726 2134 772 2216 ώς
791 2135 1053 2227 Ῐόμολογήσαντα
1074 2165 1178 2224 μετα-

89 2237 230 2319 δώσειν,
253 2230 340 2305 ώστε
363 2238 419 2308 διδ
441 2235 532 2307 τοῦτ’
558 2233 595 2308 οῦ
619 2239 936 2327 παρακαταβάλλειν
960 2234 1090 2324 αὐτοῖς,
1118 2242 1178 2327 τῆς

89 2339 129 2406 δέ
157 2337 249 2426 πρός
279 2338 337 2425 ἐμὲ
366 2340 490 2430 λήξεως
519 2340 676 2426 ἐμποδών
707 2337 794 2408 εἶναι
821 2339 900 2418 τοῦς
930 2341 1115 2426 νόμους-
1139 2335 1177 2408 οῦ

88 2439 156 2531 γὰρ
182 2437 270 2509 εἶναι
291 2457 363 2522 τοῖς
379 2436 541 2534 ὀρφανοῖς
555 2442 639 2511 κατὰ
655 2448 721 2511 τών
744 2442 940 2531 ἐπιτρόπων
961 2481 1004 2492 -
1026 2437 1174 2532 οῦδέτερ’

91 2536 212 2632 ἀληθῆ
235 2544 347 2629 λέγων.
385 2540 545 2633 οὔτεγὰρ
568 2536 608 2612 άν
625 2545 726 2630 νόμον
742 2544 879 2624 δείξειεν
898 2545 936 2625 ὃς
957 2545 1077 2625 κωλόει
1099 2549 1176 2613 τοῦ·
1191 2561 1225 2620 28

90 2669 153 2711 τον
177 2639 262 2732 ῦπέρ
284 2648 345 2712 τοῦ
367 2645 492 2725 παιδός
514 2648 607 2737 δίκην
629 2641 713 2736 παρ’
734 2646 814 2732 ἐμοῦ
837 2648 1035 2734 λαμβάνειν·
1060 2641 1098 2715 οῦ
1114 2646 1177 2734 γάρ

93 2747 191 2815 ἐστιν
213 2737 463 2833 ἐναντιούμενός
486 2741 604 2831 οῦδείς,
629 2743 704 2816 ἀλλ’
730 2743 846 2837 ὥσπερ
868 2752 923 2816 καὶ
945 2748 1079 2838 γραφὰς
1100 2741 1173 2815 κατ’
1215 2762 1219 2767 ’

92 2849 181 2934 ἐμοῦ
202 2848 353 2935 δέδωκεν,
383 2843 470 2916 οῦτω
499 2853 554 2917 καί
584 2852 677 2928 δίκας
708 2851 782 2934 ἐμοὶ
812 2847 977 2916 εἶναικαὶ
1006 2853 1054 2934 τῴ
1076 2848 1178 2914 παιδὶ

91 2957 297 3040 πεποίηκεν·
327 2945 398 3018 οὔτ’
426 2938 465 3019 αῦ
496 2951 553 3019 διά
582 2955 686 3018 ταῦτα
710 2950 847 3028 ἐκείνοις
868 2964 940 3028 τοῖς
970 2947 1179 3038 προσήκουσι

36 3050 38 3057 ’
91 3054 155 3124 τόν
178 3055 298 3140 κλῆρον
321 3046 378 3121 οῦκ
400 3051 588 3140 ἐλάγχανον,
612 3049 658 3132 ώς
680 3051 762 3136 ἐμοῦ
783 3050 991 3136 μεταδώσειν
1014 3047 1178 3139 ὁμολογή-

49 3157 53 3165 ’
94 3178 228 3236 σαντος,
254 3147 330 3221 ἀλλ’
356 3147 410 3222 ότι
441 3150 513 3222 οὐδ’
540 3151 652 3222 ότιοῦν
677 3147 791 3230 αῦτοῖς
812 3153 938 3220 τούτων
963 3156 1030 3219 τών
1050 3150 1179 3241 χρημά-

93 3283 166 3325 των
186 3259 365 3345 προσῆκεν.
410 3245 445 3324 εῦ
477 3251 509 3324 δ’
536 3251 602 3325 οἶδ’
629 3250 683 3326 ότι
710 3249 815 3342 (οὐδ’)
845 3255 875 3323 εἰ
905 3256 1108 3345 συνεχώρουν
1130 3259 1225 3344 τώτσ

184 3476 230 3534 25.
247 3481 262 3532 2
282 3475 319 3531 δν
336 3480 362 3531 in
380 3495 406 3535 v,
425 3480 482 3534 add.
503 3484 515 3533 1
542 3509 575 3519 -
597 3483 613 3532 3
631 3475 751 3549 πότερον
774 3473 865 3543 δίκην
883 3495 929 3546 με,
954 3476 1059 3546 πότερα
1081 3471 1110 3528 δ’
1130 3472 1179 3529 οὐκ

95 3553 131 3631 ἦν
150 3580 214 3618 corr.
234 3567 262 3617 2:
281 3580 330 3618 em.
348 3563 419 3617 Blass
471 3563 517 3620 26.
536 3567 551 3616 3
571 3558 661 3616 αὐτά.
679 3579 717 3629 pr.
735 3590 768 3601 —
785 3558 871 3629 μηδὲν
889 3563 951 3617 Bk:
969 3556 1050 3614 οὐδὲν
1067 3590 1098 3599 -
1119 3565 1143 3615 4.
1162 3564 1178 3614 5

96 3643 219 3704 ἀπόδοτε
235 3645 320 3717 όμεῖει
341 3665 389 3702 em.
408 3649 526 3702 Schoem.
548 3676 582 3686 -
606 3645 667 3699 5οἱ
689 3645 820 3699 Schoem.:
843 3647 867 3698 εἰ
952 3646 994 3700 27.
1014 3649 1029 3696 5
1047 3640 1127 3697 τοῦτ’
1146 3639 1179 3697 οὐ

96 3735 175 3788 Rsk.:
194 3731 293 3787 τούτου
308 3764 343 3774 -
362 3738 376 3786 7
396 3732 466 3784 εἶναι
478 3747 541 3786 corr.
558 3736 580 3795 1,
597 3729 673 3798 οἶμαι
684 3746 722 3796 pr.
740 3759 773 3768 —
792 3735 807 3783 8
825 3727 914 3801 λέγων
925 3745 972 3798 pn,
985 3726 1073 3801 λε’γειν
1085 3745 1148 3782 τοτε.
1164 3733 1176 3782 1

186 3817 231 3875 28.
251 3824 266 3873 6
288 3818 337 3872 τοῦ
358 3814 456 3890 κλήρου
475 3815 597 3882 Scaliger,
620 3815 649 3868 ft.
671 3818 726 3868 τοῖς
749 3808 843 3878 ἥκουσι
870 3811 938 3884 πρὸς
957 3811 1009 3867 τὸν
1028 3812 1128 3885 κλῆρον
1144 3839 1180 3854 -

96 3909 112 3957 ’ί
132 3897 178 3956 ὅτι
195 3901 357 3961 οὐδαμῶν
375 3919 412 3971 pr.
431 3904 504 3969 (eras.
516 3921 533 3952 v
551 3904 577 3953 et
594 3898 653 3953 sort.
665 3901 702 3964 ν),
721 3899 809 3950 corni
864 3897 908 3954 29.
929 3902 942 3952 1
962 3893 991 3950 δ’
1003 3900 1030 3951 in
1046 3916 1071 3952 v.
1091 3898 1176 3951 οδω

96 4016 134 4029 -
152 3984 215 4041 οὐδ’
235 3989 293 4042 add.
314 3987 428 4055 Scaliger
