<?xml version="1.0" encoding="UTF-8"?>
<!DOCTYPE html PUBLIC "-//W3C//DTD XHTML 1.0 Transitional//EN"
    "http://www.w3.org/TR/xhtml1/DTD/xhtml1-transitional.dtd">
<html xmlns="http://www.w3.org/1999/xhtml" xml:lang="en" lang="en">
 <head>
  <title>
</title>
<meta http-equiv="Content-Type" content="text/html;charset=utf-8" />
  <meta name='ocr-system' content='tesseract 3.04.00' />
  <meta name='ocr-capabilities' content='ocr_page ocr_carea ocr_par ocr_line ocrx_word'/>
</head>
<body>
  <div class='ocr_page' id='page_1' title='image "./isaeiorationesc01buergoog_0048.png"; bbox 0 0 2572 4476; ppageno 0'>
   <div class='ocr_carea' id='block_1_1' title="bbox 58 237 1139 296">
    <p class='ocr_par' dir='ltr' id='par_1_1' title="bbox 58 237 1139 296">
     <span class='ocr_line' id='line_1_1' title="bbox 58 237 1139 296; baseline 0.001 -1"><span class='ocrx_word' id='word_1_1' title='bbox 58 254 93 295; x_wconf 74' lang='grc' dir='ltr'><strong><em>οι.</em></strong></span> <span class='ocrx_word' id='word_1_2' title='bbox 107 254 127 294; x_wconf 72' lang='grc' dir='ltr'><strong><em>ν.</em></strong></span> <span class='ocrx_word' id='word_1_3' title='bbox 323 237 398 290; x_wconf 85' lang='grc' dir='ltr'>ΠΕΡΙ</span> <span class='ocrx_word' id='word_1_4' title='bbox 416 238 480 291; x_wconf 84' lang='grc' dir='ltr'><strong><em>ΤΟΥ</em></strong></span> <span class='ocrx_word' id='word_1_5' title='bbox 497 237 720 292; x_wconf 80' lang='grc' dir='ltr'><strong>ΜΕΝΕΚΛΕΟΥΣ</strong></span> <span class='ocrx_word' id='word_1_6' title='bbox 738 238 875 292; x_wconf 66' lang='lat' dir='ltr'>Ampor.</span> <span class='ocrx_word' id='word_1_7' title='bbox 1099 237 1139 296; x_wconf 77' lang='lat'><strong><em>25</em></strong></span> 
     </span>
    </p>
   </div>
   <div class='ocr_carea' id='block_1_2' title="bbox 59 399 1242 3240">
    <p class='ocr_par' dir='ltr' id='par_1_2' title="bbox 59 399 1242 3034">
     <span class='ocr_line' id='line_1_2' title="bbox 60 399 1141 497; baseline 0.004 -25"><span class='ocrx_word' id='word_1_8' title='bbox 60 399 174 474; x_wconf 69' lang='grc' dir='ltr'><strong><em>ἅπασι</em></strong></span> <span class='ocrx_word' id='word_1_9' title='bbox 195 399 288 473; x_wconf 75' lang='grc' dir='ltr'><strong><em>τοῦτ’</em></strong></span> <span class='ocrx_word' id='word_1_10' title='bbox 315 403 410 487; x_wconf 79' lang='grc' dir='ltr'><strong><em>εἶναι,</em></strong></span> <span class='ocrx_word' id='word_1_11' title='bbox 435 403 480 485; x_wconf 80' lang='grc' dir='ltr'><strong><em>ὡς</em></strong></span> <span class='ocrx_word' id='word_1_12' title='bbox 502 409 557 474; x_wconf 84' lang='grc' dir='ltr'><strong><em>καὶ</em></strong></span> <span class='ocrx_word' id='word_1_13' title='bbox 580 405 675 495; x_wconf 82' lang='grc' dir='ltr'><strong><em>παρὰ</em></strong></span> <span class='ocrx_word' id='word_1_14' title='bbox 689 406 816 475; x_wconf 83' lang='grc' dir='ltr'><strong><em>τούτων</em></strong></span> <span class='ocrx_word' id='word_1_15' title='bbox 834 400 943 476; x_wconf 75' lang='grc' dir='ltr'><strong><em>αὐτῶν</em></strong></span> <span class='ocrx_word' id='word_1_16' title='bbox 957 405 1141 497; x_wconf 85' lang='grc' dir='ltr'><strong><em>όμολοχοό-</em></strong></span> 
     </span>
     <span class='ocr_line' id='line_1_3' title="bbox 59 500 1242 598; baseline 0.004 -24"><span class='ocrx_word' id='word_1_17' title='bbox 59 508 162 593; x_wconf 88' lang='grc' dir='ltr'><strong><em>μενόν</em></strong></span> <span class='ocrx_word' id='word_1_18' title='bbox 185 507 275 575; x_wconf 81' lang='grc' dir='ltr'><strong><em>ἐστιν</em></strong></span> <span class='ocrx_word' id='word_1_19' title='bbox 297 500 352 576; x_wconf 83' lang='grc' dir='ltr'><strong><em>ότι</em></strong></span> <span class='ocrx_word' id='word_1_20' title='bbox 366 511 540 597; x_wconf 77' lang='grc' dir='ltr'><strong><em>Μενεκλῆς</em></strong></span> <span class='ocrx_word' id='word_1_21' title='bbox 554 503 592 577; x_wconf 85' lang='grc' dir='ltr'><strong><em>οό</em></strong></span> <span class='ocrx_word' id='word_1_22' title='bbox 608 509 826 598; x_wconf 79' lang='grc' dir='ltr'><strong><em>παρεφρόνει,</em></strong></span> <span class='ocrx_word' id='word_1_23' title='bbox 849 503 933 576; x_wconf 82' lang='grc' dir='ltr'><strong><em>ἇλλὰ</em></strong></span> <span class='ocrx_word' id='word_1_24' title='bbox 951 510 1038 579; x_wconf 81' lang='grc' dir='ltr'><strong><em>πολὺ</em></strong></span> <span class='ocrx_word' id='word_1_25' title='bbox 1053 514 1141 596; x_wconf 85' lang='grc' dir='ltr'><strong><em>μᾶλ·</em></strong></span> <span class='ocrx_word' id='word_1_26' title='bbox 1224 564 1242 596; x_wconf 73' lang='grc'><strong><em>,</em></strong></span> 
     </span>
     <span class='ocr_line' id='line_1_4' title="bbox 61 603 1140 700; baseline 0.003 -23"><span class='ocrx_word' id='word_1_27' title='bbox 61 613 118 677; x_wconf 77' lang='grc' dir='ltr'><strong><em>λον</em></strong></span> <span class='ocrx_word' id='word_1_28' title='bbox 142 604 239 687; x_wconf 79' lang='grc' dir='ltr'><strong><em>οὗτος</em></strong></span> <span class='ocrx_word' id='word_1_29' title='bbox 261 615 348 692; x_wconf 91' lang='grc' dir='ltr'><strong><em>νυνί,</em></strong></span> <span class='ocrx_word' id='word_1_30' title='bbox 378 603 416 689; x_wconf 82' lang='grc' dir='ltr'><strong><em>ός</em></strong></span> <span class='ocrx_word' id='word_1_31' title='bbox 444 635 481 696; x_wconf 86' lang='grc' dir='ltr'><strong><em>χε</em></strong></span> <span class='ocrx_word' id='word_1_32' title='bbox 508 611 738 700; x_wconf 88' lang='grc' dir='ltr'><strong><em>ποιησόμενος</em></strong></span> <span class='ocrx_word' id='word_1_33' title='bbox 759 615 819 699; x_wconf 84' lang='grc' dir='ltr'><strong><em>τῆς</em></strong></span> <span class='ocrx_word' id='word_1_34' title='bbox 841 610 965 700; x_wconf 79' lang='grc' dir='ltr'><strong><em>ἐχθρας</em></strong></span> <span class='ocrx_word' id='word_1_35' title='bbox 987 613 1140 681; x_wconf 86' lang='grc' dir='ltr'><strong><em>όιάλυσιν</em></strong></span> 
     </span>
     <span class='ocr_line' id='line_1_5' title="bbox 60 704 1141 802; baseline 0.004 -24"><span class='ocrx_word' id='word_1_36' title='bbox 60 710 149 800; x_wconf 87' lang='grc' dir='ltr'><strong><em>πρός</em></strong></span> <span class='ocrx_word' id='word_1_37' title='bbox 171 708 260 799; x_wconf 80' lang='grc' dir='ltr'><strong><em>ἡμᾶς</em></strong></span> <span class='ocrx_word' id='word_1_38' title='bbox 281 713 337 779; x_wconf 91' lang='grc' dir='ltr'><strong><em>καὶ</em></strong></span> <span class='ocrx_word' id='word_1_39' title='bbox 359 704 488 796; x_wconf 89' lang='grc' dir='ltr'><strong><em>όμόσας</em></strong></span> <span class='ocrx_word' id='word_1_40' title='bbox 509 707 627 802; x_wconf 85' lang='grc' dir='ltr'><strong><em>όρκους</em></strong></span> <span class='ocrx_word' id='word_1_41' title='bbox 649 713 754 781; x_wconf 83' lang='grc' dir='ltr'><strong><em>πόλιν</em></strong></span> <span class='ocrx_word' id='word_1_42' title='bbox 775 716 832 780; x_wconf 80' lang='grc' dir='ltr'><strong><em>νῦν</em></strong></span> <span class='ocrx_word' id='word_1_43' title='bbox 859 706 931 801; x_wconf 75' lang='grc' dir='ltr'><strong><em>ἥκει</em></strong></span> <span class='ocrx_word' id='word_1_44' title='bbox 952 713 995 780; x_wconf 86' lang='grc' dir='ltr'><strong><em>τὰ</em></strong></span> <span class='ocrx_word' id='word_1_45' title='bbox 1018 711 1141 799; x_wconf 84' lang='grc' dir='ltr'><strong><em>ὁμολο-</em></strong></span> 
     </span>
     <span class='ocr_line' id='line_1_6' title="bbox 61 806 1142 905; baseline 0.006 -27"><span class='ocrx_word' id='word_1_46' title='bbox 61 817 209 902; x_wconf 79' lang='grc' dir='ltr'><strong><em>γηθέντα</em></strong></span> <span class='ocrx_word' id='word_1_47' title='bbox 231 815 287 879; x_wconf 87' lang='grc' dir='ltr'><strong><em>καὶ</em></strong></span> <span class='ocrx_word' id='word_1_48' title='bbox 309 806 481 898; x_wconf 72' lang='grc' dir='ltr'><strong><em>ὁμοθέντα</em></strong></span> <span class='ocrx_word' id='word_1_49' title='bbox 503 814 671 903; x_wconf 79' lang='grc' dir='ltr'><strong><em>παραβάς,</em></strong></span> <span class='ocrx_word' id='word_1_50' title='bbox 694 818 750 883; x_wconf 86' lang='grc' dir='ltr'><strong><em>καὶ</em></strong></span> <span class='ocrx_word' id='word_1_51' title='bbox 773 809 965 905; x_wconf 77' lang='grc' dir='ltr'><strong><em>ἀφελέσθαι</em></strong></span> <span class='ocrx_word' id='word_1_52' title='bbox 986 841 1029 899; x_wconf 91' lang='grc' dir='ltr'><strong><em>με</em></strong></span> <span class='ocrx_word' id='word_1_53' title='bbox 1051 809 1142 894; x_wconf 83' lang='grc' dir='ltr'><strong><em>όιξιοῖ</em></strong></span> 
     </span>
     <span class='ocr_line' id='line_1_7' title="bbox 61 908 1191 1006; baseline 0.004 -23"><span class='ocrx_word' id='word_1_54' title='bbox 61 919 157 983; x_wconf 82' lang='grc' dir='ltr'><strong><em>ταυτὶ</em></strong></span> <span class='ocrx_word' id='word_1_55' title='bbox 180 913 223 982; x_wconf 81' lang='grc' dir='ltr'><strong><em>τὰ</em></strong></span> <span class='ocrx_word' id='word_1_56' title='bbox 246 914 365 997; x_wconf 82' lang='grc' dir='ltr'><strong><em>λοιποί,</em></strong></span> <span class='ocrx_word' id='word_1_57' title='bbox 397 908 501 994; x_wconf 75' lang='grc' dir='ltr'><strong><em>οότως</em></strong></span> <span class='ocrx_word' id='word_1_58' title='bbox 523 911 604 983; x_wconf 86' lang='grc' dir='ltr'><strong><em>όντα</em></strong></span> <span class='ocrx_word' id='word_1_59' title='bbox 626 916 737 1006; x_wconf 83' lang='grc' dir='ltr'><strong><em>μικρά.</em></strong></span> <span class='ocrx_word' id='word_1_60' title='bbox 783 916 846 1004; x_wconf 81' lang='grc' dir='ltr'><strong><em>ἐγώ</em></strong></span> <span class='ocrx_word' id='word_1_61' title='bbox 870 918 906 984; x_wconf 84' lang='lat'><strong><em>66</em></strong></span> <span class='ocrx_word' id='word_1_62' title='bbox 929 917 959 984; x_wconf 83' lang='grc' dir='ltr'><strong><em>εἰ</em></strong></span> <span class='ocrx_word' id='word_1_63' title='bbox 981 916 1025 1005; x_wconf 79' lang='grc' dir='ltr'><strong><em>μὴ</em></strong></span> <span class='ocrx_word' id='word_1_64' title='bbox 1051 918 1140 985; x_wconf 84' lang='grc' dir='ltr'><strong><em>πάνυ</em></strong></span> <span class='ocrx_word' id='word_1_65' title='bbox 1157 935 1191 990; x_wconf 75' lang='grc'><strong><em>41</em></strong></span> 
     </span>
     <span class='ocr_line' id='line_1_8' title="bbox 61 1015 1142 1107; baseline 0.003 -23"><span class='ocrx_word' id='word_1_66' title='bbox 61 1017 98 1084; x_wconf 88' lang='grc' dir='ltr'><strong><em>τό</em></strong></span> <span class='ocrx_word' id='word_1_67' title='bbox 123 1023 264 1107; x_wconf 76' lang='grc' dir='ltr'><strong><em>πρᾶγμα</em></strong></span> <span class='ocrx_word' id='word_1_68' title='bbox 288 1016 425 1106; x_wconf 80' lang='grc' dir='ltr'><strong><em>αἰσχρόν</em></strong></span> <span class='ocrx_word' id='word_1_69' title='bbox 448 1015 533 1086; x_wconf 82' lang='grc' dir='ltr'><strong><em>εἶναι</em></strong></span> <span class='ocrx_word' id='word_1_70' title='bbox 556 1017 707 1103; x_wconf 81' lang='grc' dir='ltr'><strong><em>ἐνόμιζον</em></strong></span> <span class='ocrx_word' id='word_1_71' title='bbox 721 1022 776 1087; x_wconf 82' lang='grc' dir='ltr'><strong><em>καὶ</em></strong></span> <span class='ocrx_word' id='word_1_72' title='bbox 793 1018 1032 1101; x_wconf 77' lang='grc' dir='ltr'><strong><em>ἐπονείδιστον,</em></strong></span> <span class='ocrx_word' id='word_1_73' title='bbox 1056 1045 1142 1107; x_wconf 92' lang='grc' dir='ltr'><strong><em>προ-</em></strong></span> 
     </span>
     <span class='ocr_line' id='line_1_9' title="bbox 63 1113 1140 1210; baseline 0.007 -29"><span class='ocrx_word' id='word_1_74' title='bbox 63 1115 179 1183; x_wconf 79' lang='grc' dir='ltr'><strong><em>δοῦναι</em></strong></span> <span class='ocrx_word' id='word_1_75' title='bbox 201 1117 259 1185; x_wconf 88' lang='grc' dir='ltr'><strong><em>τόν</em></strong></span> <span class='ocrx_word' id='word_1_76' title='bbox 282 1124 414 1208; x_wconf 80' lang='grc' dir='ltr'><strong><em>πατέρα</em></strong></span> <span class='ocrx_word' id='word_1_77' title='bbox 436 1113 475 1186; x_wconf 76' lang='grc' dir='ltr'><strong><em>οὗ</em></strong></span> <span class='ocrx_word' id='word_1_78' title='bbox 497 1115 583 1187; x_wconf 81' lang='grc' dir='ltr'><strong><em>εἶναι</em></strong></span> <span class='ocrx_word' id='word_1_79' title='bbox 606 1113 811 1210; x_wconf 82' lang='grc' dir='ltr'><strong><em>ὥνομόσθην</em></strong></span> <span class='ocrx_word' id='word_1_80' title='bbox 831 1124 887 1189; x_wconf 83' lang='grc' dir='ltr'><strong><em>καί</em></strong></span> <span class='ocrx_word' id='word_1_81' title='bbox 902 1120 940 1200; x_wconf 82' lang='grc' dir='ltr'><strong><em>ὃς</em></strong></span> <span class='ocrx_word' id='word_1_82' title='bbox 956 1119 1140 1210; x_wconf 81' lang='grc' dir='ltr'><strong><em>ἐποιήσατό</em></strong></span> 
     </span>
     <span class='ocr_line' id='line_1_10' title="bbox 62 1211 1142 1312; baseline 0.008 -30"><span class='ocrx_word' id='word_1_83' title='bbox 62 1242 120 1301; x_wconf 85' lang='grc' dir='ltr'><strong><em>με,</em></strong></span> <span class='ocrx_word' id='word_1_84' title='bbox 149 1218 230 1302; x_wconf 77' lang='grc' dir='ltr'><strong><em>ταχὺ</em></strong></span> <span class='ocrx_word' id='word_1_85' title='bbox 262 1211 302 1288; x_wconf 75' lang='grc' dir='ltr'><strong><em>όῖν</em></strong></span> <span class='ocrx_word' id='word_1_86' title='bbox 325 1215 474 1311; x_wconf 81' lang='grc' dir='ltr'><strong><em>όπέστην</em></strong></span> <span class='ocrx_word' id='word_1_87' title='bbox 505 1215 594 1309; x_wconf 73' lang='grc' dir='ltr'><strong><em>αὐτῷ</em></strong></span> <span class='ocrx_word' id='word_1_88' title='bbox 616 1226 682 1289; x_wconf 85' lang='grc' dir='ltr'><strong><em>τιῦν</em></strong></span> <span class='ocrx_word' id='word_1_89' title='bbox 707 1221 848 1292; x_wconf 75' lang='grc' dir='ltr'><strong><em>ἐκείνου·</em></strong></span> <span class='ocrx_word' id='word_1_90' title='bbox 877 1223 947 1291; x_wconf 79' lang='grc' dir='ltr'><strong><em>ἐστι</em></strong></span> <span class='ocrx_word' id='word_1_91' title='bbox 970 1223 1033 1312; x_wconf 83' lang='grc' dir='ltr'><strong><em>χὰρ</em></strong></span> <span class='ocrx_word' id='word_1_92' title='bbox 1055 1220 1142 1291; x_wconf 85' lang='grc' dir='ltr'><strong><em>όπό-</em></strong></span> 
     </span>
     <span class='ocr_line' id='line_1_11' title="bbox 64 1315 1196 1409; baseline 0.011 -24"><span class='ocrx_word' id='word_1_93' title='bbox 64 1322 185 1388; x_wconf 90' lang='grc' dir='ltr'><strong><em>λοιπον</em></strong></span> <span class='ocrx_word' id='word_1_94' title='bbox 202 1315 276 1390; x_wconf 75' lang='lat'><strong>0666</strong></span> <span class='ocrx_word' id='word_1_95' title='bbox 294 1322 337 1405; x_wconf 75' lang='grc' dir='ltr'><strong><em>ἐν,</em></strong></span> <span class='ocrx_word' id='word_1_96' title='bbox 357 1319 403 1403; x_wconf 84' lang='grc' dir='ltr'><strong><em>ιός</em></strong></span> <span class='ocrx_word' id='word_1_97' title='bbox 417 1326 472 1391; x_wconf 83' lang='grc' dir='ltr'><strong><em>καὶ</em></strong></span> <span class='ocrx_word' id='word_1_98' title='bbox 487 1319 574 1408; x_wconf 82' lang='grc' dir='ltr'><strong><em>όμᾶς</em></strong></span> <span class='ocrx_word' id='word_1_99' title='bbox 588 1324 705 1409; x_wconf 85' lang='grc' dir='ltr'><strong><em>σ’ίομαι</em></strong></span> <span class='ocrx_word' id='word_1_100' title='bbox 723 1323 967 1394; x_wconf 81' lang='grc' dir='ltr'><strong><em>αἰσθάνεσθαι.</em></strong></span> <span class='ocrx_word' id='word_1_101' title='bbox 1012 1331 1082 1395; x_wconf 85' lang='grc' dir='ltr'><strong><em>νυνὶ</em></strong></span> <span class='ocrx_word' id='word_1_102' title='bbox 1105 1327 1142 1394; x_wconf 79' lang='grc' dir='ltr'><strong><em>όέ</em></strong></span> <span class='ocrx_word' id='word_1_103' title='bbox 1156 1338 1196 1396; x_wconf 70' lang='lat'><strong><em>42</em></strong></span> 
     </span>
     <span class='ocr_line' id='line_1_12' title="bbox 65 1421 1143 1516; baseline 0.007 -28"><span class='ocrx_word' id='word_1_104' title='bbox 65 1421 175 1490; x_wconf 82' lang='grc' dir='ltr'><strong><em>δεινόν</em></strong></span> <span class='ocrx_word' id='word_1_105' title='bbox 190 1423 227 1491; x_wconf 88' lang='grc' dir='ltr'><strong><em>τό</em></strong></span> <span class='ocrx_word' id='word_1_106' title='bbox 245 1429 385 1512; x_wconf 82' lang='grc' dir='ltr'><strong><em>πρᾶγμα</em></strong></span> <span class='ocrx_word' id='word_1_107' title='bbox 399 1421 464 1492; x_wconf 73' lang='grc' dir='ltr'><strong><em>καί</em></strong></span> <span class='ocrx_word' id='word_1_108' title='bbox 479 1424 617 1512; x_wconf 75' lang='grc' dir='ltr'><strong><em>αἰσχρόν</em></strong></span> <span class='ocrx_word' id='word_1_109' title='bbox 639 1422 725 1493; x_wconf 82' lang='grc' dir='ltr'><strong><em>εἶναι</em></strong></span> <span class='ocrx_word' id='word_1_110' title='bbox 745 1425 824 1512; x_wconf 78' lang='grc' dir='ltr'><strong><em>τῇδε</em></strong></span> <span class='ocrx_word' id='word_1_111' title='bbox 843 1426 977 1510; x_wconf 86' lang='grc' dir='ltr'><strong><em>νομίζω,</em></strong></span> <span class='ocrx_word' id='word_1_112' title='bbox 1000 1428 1031 1496; x_wconf 81' lang='grc' dir='ltr'><strong><em>εί</em></strong></span> <span class='ocrx_word' id='word_1_113' title='bbox 1045 1425 1143 1516; x_wconf 78' lang='grc' dir='ltr'><strong><em>ἡνίκα</em></strong></span> 
     </span>
     <span class='ocr_line' id='line_1_13' title="bbox 62 1520 1142 1616; baseline 0.004 -27"><span class='ocrx_word' id='word_1_114' title='bbox 62 1524 123 1607; x_wconf 77' lang='grc' dir='ltr'><strong><em>μὲν</em></strong></span> <span class='ocrx_word' id='word_1_115' title='bbox 147 1520 164 1591; x_wconf 89' lang='lat'><strong>6</strong></span> <span class='ocrx_word' id='word_1_116' title='bbox 181 1528 354 1613; x_wconf 79' lang='grc' dir='ltr'><strong><em>Μενεκλῆς</em></strong></span> <span class='ocrx_word' id='word_1_117' title='bbox 370 1524 435 1610; x_wconf 76' lang='grc' dir='ltr'><strong><em>εἶχέ</em></strong></span> <span class='ocrx_word' id='word_1_118' title='bbox 450 1552 494 1607; x_wconf 93' lang='grc' dir='ltr'><strong><em>τι,</em></strong></span> <span class='ocrx_word' id='word_1_119' title='bbox 515 1525 593 1592; x_wconf 85' lang='grc' dir='ltr'><strong><em>τότε</em></strong></span> <span class='ocrx_word' id='word_1_120' title='bbox 607 1526 667 1609; x_wconf 81' lang='grc' dir='ltr'><strong><em>μέν</em></strong></span> <span class='ocrx_word' id='word_1_121' title='bbox 683 1525 790 1592; x_wconf 78' lang='grc' dir='ltr'><strong><em>έόωκα</em></strong></span> <span class='ocrx_word' id='word_1_122' title='bbox 805 1525 949 1609; x_wconf 81' lang='grc' dir='ltr'><strong><em>ἐμαυτόν</em></strong></span> <span class='ocrx_word' id='word_1_123' title='bbox 964 1529 1037 1596; x_wconf 78' lang='grc' dir='ltr'><strong><em>υἱὸν</em></strong></span> <span class='ocrx_word' id='word_1_124' title='bbox 1053 1523 1142 1616; x_wconf 70' lang='grc' dir='ltr'><strong><em>αὕτη]</em></strong></span> 
     </span>
     <span class='ocr_line' id='line_1_14' title="bbox 60 1619 1144 1718; baseline 0.006 -28"><span class='ocrx_word' id='word_1_125' title='bbox 60 1626 297 1712; x_wconf 80' lang='grc' dir='ltr'><strong><em>ποιήσασθαι,</em></strong></span> <span class='ocrx_word' id='word_1_126' title='bbox 320 1630 374 1694; x_wconf 80' lang='grc' dir='ltr'><strong><em>καὶ</em></strong></span> <span class='ocrx_word' id='word_1_127' title='bbox 399 1622 468 1693; x_wconf 81' lang='grc' dir='ltr'><strong><em>ἀπὸ</em></strong></span> <span class='ocrx_word' id='word_1_128' title='bbox 491 1629 551 1712; x_wconf 81' lang='grc' dir='ltr'><strong><em>τῆς</em></strong></span> <span class='ocrx_word' id='word_1_129' title='bbox 573 1619 689 1704; x_wconf 79' lang='grc' dir='ltr'><strong><em>οόσίας</em></strong></span> <span class='ocrx_word' id='word_1_130' title='bbox 710 1629 770 1711; x_wconf 79' lang='grc' dir='ltr'><strong><em>τῆς</em></strong></span> <span class='ocrx_word' id='word_1_131' title='bbox 792 1624 926 1708; x_wconf 79' lang='grc' dir='ltr'><strong><em>ἐκείνου,</em></strong></span> <span class='ocrx_word' id='word_1_132' title='bbox 953 1633 1033 1715; x_wconf 81' lang='grc' dir='ltr'><strong><em>πρὶν</em></strong></span> <span class='ocrx_word' id='word_1_133' title='bbox 1054 1654 1144 1718; x_wconf 93' lang='grc' dir='ltr'><strong><em>πρα-</em></strong></span> 
     </span>
     <span class='ocr_line' id='line_1_15' title="bbox 59 1724 1146 1819; baseline 0.006 -27"><span class='ocrx_word' id='word_1_134' title='bbox 59 1732 173 1814; x_wconf 73' lang='grc' dir='ltr'><strong><em>θῆναι</em></strong></span> <span class='ocrx_word' id='word_1_135' title='bbox 196 1727 234 1794; x_wconf 89' lang='grc' dir='ltr'><strong><em>τό</em></strong></span> <span class='ocrx_word' id='word_1_136' title='bbox 255 1733 389 1816; x_wconf 89' lang='grc' dir='ltr'><strong><em>χωρίον,</em></strong></span> <span class='ocrx_word' id='word_1_137' title='bbox 412 1726 692 1816; x_wconf 78' lang='grc' dir='ltr'><strong><em>ἐγυμνασιάρχουν</em></strong></span> <span class='ocrx_word' id='word_1_138' title='bbox 708 1724 742 1794; x_wconf 81' lang='grc' dir='ltr'><strong><em>ἐν</em></strong></span> <span class='ocrx_word' id='word_1_139' title='bbox 764 1730 811 1814; x_wconf 75' lang='grc' dir='ltr'><strong><em>τῷ</em></strong></span> <span class='ocrx_word' id='word_1_140' title='bbox 833 1727 928 1817; x_wconf 76' lang='grc' dir='ltr'><strong><em>δήμῳ</em></strong></span> <span class='ocrx_word' id='word_1_141' title='bbox 950 1734 1006 1797; x_wconf 82' lang='grc' dir='ltr'><strong><em>καὶ</em></strong></span> <span class='ocrx_word' id='word_1_142' title='bbox 1029 1728 1146 1819; x_wconf 56' lang='grc' dir='ltr'><strong><em>ἐφιλοθ</em></strong></span> 
     </span>
     <span class='ocr_line' id='line_1_16' title="bbox 60 1819 1146 1921; baseline 0.004 -25"><span class='ocrx_word' id='word_1_143' title='bbox 60 1827 214 1917; x_wconf 54' lang='grc' dir='ltr'><strong><em>τιμιζθην</em></strong></span> <span class='ocrx_word' id='word_1_144' title='bbox 237 1824 283 1907; x_wconf 83' lang='grc' dir='ltr'><strong><em>τός</em></strong></span> <span class='ocrx_word' id='word_1_145' title='bbox 306 1827 379 1907; x_wconf 82' lang='grc' dir='ltr'><strong><em>υίὸς</em></strong></span> <span class='ocrx_word' id='word_1_146' title='bbox 401 1819 447 1895; x_wconf 78' lang='grc' dir='ltr'><strong><em>τόν</em></strong></span> <span class='ocrx_word' id='word_1_147' title='bbox 466 1827 600 1911; x_wconf 83' lang='grc' dir='ltr'><strong><em>ἐκείνου,</em></strong></span> <span class='ocrx_word' id='word_1_148' title='bbox 623 1831 680 1896; x_wconf 82' lang='grc' dir='ltr'><strong><em>καὶ</em></strong></span> <span class='ocrx_word' id='word_1_149' title='bbox 694 1828 755 1907; x_wconf 81' lang='grc' dir='ltr'><strong><em>τὰς</em></strong></span> <span class='ocrx_word' id='word_1_150' title='bbox 771 1837 956 1917; x_wconf 87' lang='grc' dir='ltr'><strong><em>στρατείας,</em></strong></span> <span class='ocrx_word' id='word_1_151' title='bbox 979 1826 1058 1901; x_wconf 83' lang='grc' dir='ltr'><strong><em>όσαι</em></strong></span> <span class='ocrx_word' id='word_1_152' title='bbox 1074 1832 1146 1921; x_wconf 80' lang='grc' dir='ltr'><strong><em>ἐχέ-</em></strong></span> 
     </span>
     <span class='ocr_line' id='line_1_17' title="bbox 63 1929 1143 2024; baseline 0.004 -27"><span class='ocrx_word' id='word_1_153' title='bbox 63 1956 161 1997; x_wconf 91' lang='grc' dir='ltr'><strong><em>νοντο</em></strong></span> <span class='ocrx_word' id='word_1_154' title='bbox 191 1929 225 1997; x_wconf 83' lang='grc' dir='ltr'><strong><em>ἐν</em></strong></span> <span class='ocrx_word' id='word_1_155' title='bbox 253 1933 302 2017; x_wconf 76' lang='grc' dir='ltr'><strong><em>τῷ</em></strong></span> <span class='ocrx_word' id='word_1_156' title='bbox 329 1929 437 2017; x_wconf 78' lang='grc' dir='ltr'><strong><em>χρόνῳ</em></strong></span> <span class='ocrx_word' id='word_1_157' title='bbox 465 1930 589 2018; x_wconf 79' lang='grc' dir='ltr'><strong><em>τούτῳ,</em></strong></span> <span class='ocrx_word' id='word_1_158' title='bbox 619 1929 839 2019; x_wconf 77' lang='grc' dir='ltr'><strong><em>ἐστράτευμαι</em></strong></span> <span class='ocrx_word' id='word_1_159' title='bbox 870 1931 905 2000; x_wconf 83' lang='grc' dir='ltr'><strong><em>ἐν</em></strong></span> <span class='ocrx_word' id='word_1_160' title='bbox 926 1938 968 2023; x_wconf 78' lang='grc' dir='ltr'><strong><em>τῇ</em></strong></span> <span class='ocrx_word' id='word_1_161' title='bbox 989 1937 1079 2024; x_wconf 77' lang='grc' dir='ltr'><strong><em>φυλῇ</em></strong></span> <span class='ocrx_word' id='word_1_162' title='bbox 1100 1939 1143 2024; x_wconf 83' lang='grc' dir='ltr'><strong><em>τῇ</em></strong></span> 
     </span>
     <span class='ocr_line' id='line_1_18' title="bbox 64 2031 1197 2127; baseline 0.01 -28"><span class='ocrx_word' id='word_1_163' title='bbox 64 2031 190 2099; x_wconf 84' lang='grc' dir='ltr'><strong><em>ἐκείνου</em></strong></span> <span class='ocrx_word' id='word_1_164' title='bbox 212 2034 268 2099; x_wconf 87' lang='grc' dir='ltr'><strong><em>καί</em></strong></span> <span class='ocrx_word' id='word_1_165' title='bbox 291 2031 396 2118; x_wconf 80' lang='grc' dir='ltr'><strong><em>ἐντῷ</em></strong></span> <span class='ocrx_word' id='word_1_166' title='bbox 417 2032 525 2121; x_wconf 81' lang='grc' dir='ltr'><strong><em>δήμῳ·</em></strong></span> <span class='ocrx_word' id='word_1_167' title='bbox 571 2032 688 2122; x_wconf 77' lang='grc' dir='ltr'><strong><em>ἐπειδὴ</em></strong></span> <span class='ocrx_word' id='word_1_168' title='bbox 720 2033 756 2100; x_wconf 81' lang='grc' dir='ltr'><strong><em>δὲ</em></strong></span> <span class='ocrx_word' id='word_1_169' title='bbox 779 2032 901 2115; x_wconf 81' lang='grc' dir='ltr'><strong><em>ἐκεῖνος</em></strong></span> <span class='ocrx_word' id='word_1_170' title='bbox 923 2035 1141 2127; x_wconf 80' lang='grc' dir='ltr'><strong><em>ἐτελεύτησεν,</em></strong></span> <span class='ocrx_word' id='word_1_171' title='bbox 1157 2053 1197 2110; x_wconf 75' lang='grc'><strong><em>48</em></strong></span> 
     </span>
     <span class='ocr_line' id='line_1_19' title="bbox 66 2129 1145 2225; baseline 0.003 -23"><span class='ocrx_word' id='word_1_172' title='bbox 66 2134 96 2202; x_wconf 83' lang='grc' dir='ltr'><strong><em>εἰ</em></strong></span> <span class='ocrx_word' id='word_1_173' title='bbox 113 2133 282 2222; x_wconf 82' lang='grc' dir='ltr'><strong><em>προδώσω</em></strong></span> <span class='ocrx_word' id='word_1_174' title='bbox 303 2135 360 2200; x_wconf 90' lang='grc' dir='ltr'><strong><em>καὶ</em></strong></span> <span class='ocrx_word' id='word_1_175' title='bbox 383 2132 593 2224; x_wconf 75' lang='grc' dir='ltr'><strong><em>ἐξερημώσας</em></strong></span> <span class='ocrx_word' id='word_1_176' title='bbox 616 2129 718 2203; x_wconf 74' lang='grc' dir='ltr'><strong><em>αὐτοῦ</em></strong></span> <span class='ocrx_word' id='word_1_177' title='bbox 739 2134 798 2202; x_wconf 89' lang='grc' dir='ltr'><strong><em>τόν</em></strong></span> <span class='ocrx_word' id='word_1_178' title='bbox 814 2133 904 2204; x_wconf 77' lang='grc' dir='ltr'><strong><em>οἶκον</em></strong></span> <span class='ocrx_word' id='word_1_179' title='bbox 925 2131 1038 2205; x_wconf 79' lang='grc' dir='ltr'><strong><em>όπιιὸν</em></strong></span> <span class='ocrx_word' id='word_1_180' title='bbox 1055 2138 1145 2225; x_wconf 80' lang='grc' dir='ltr'><strong><em>οἰχή-</em></strong></span> 
     </span>
     <span class='ocr_line' id='line_1_20' title="bbox 66 2226 1147 2324; baseline 0 -20"><span class='ocrx_word' id='word_1_181' title='bbox 66 2259 185 2322; x_wconf 87' lang='grc' dir='ltr'><strong><em>σομαι,</em></strong></span> <span class='ocrx_word' id='word_1_182' title='bbox 214 2239 288 2315; x_wconf 76' lang='grc' dir='ltr'><strong><em>πῶς</em></strong></span> <span class='ocrx_word' id='word_1_183' title='bbox 317 2228 375 2303; x_wconf 79' lang='grc' dir='ltr'><strong><em>οόκ</em></strong></span> <span class='ocrx_word' id='word_1_184' title='bbox 396 2226 438 2303; x_wconf 72' lang='grc' dir='ltr'><strong><em>όν</em></strong></span> <span class='ocrx_word' id='word_1_185' title='bbox 456 2236 571 2305; x_wconf 77' lang='grc' dir='ltr'><strong><em>δεινὸν</em></strong></span> <span class='ocrx_word' id='word_1_186' title='bbox 597 2236 635 2304; x_wconf 86' lang='grc' dir='ltr'><strong><em>τὸ</em></strong></span> <span class='ocrx_word' id='word_1_187' title='bbox 659 2240 799 2324; x_wconf 80' lang='grc' dir='ltr'><strong><em>πρᾶγμα</em></strong></span> <span class='ocrx_word' id='word_1_188' title='bbox 822 2235 908 2304; x_wconf 87' lang='grc' dir='ltr'><strong><em>είναι</em></strong></span> <span class='ocrx_word' id='word_1_189' title='bbox 929 2241 986 2304; x_wconf 84' lang='grc' dir='ltr'><strong><em>καὶ</em></strong></span> <span class='ocrx_word' id='word_1_190' title='bbox 1007 2244 1147 2324; x_wconf 85' lang='grc' dir='ltr'><strong><em>καταχέ-</em></strong></span> 
     </span>
     <span class='ocr_line' id='line_1_21' title="bbox 66 2337 1146 2430; baseline 0.003 -26"><span class='ocrx_word' id='word_1_191' title='bbox 66 2340 188 2407; x_wconf 93' lang='grc' dir='ltr'><strong><em>λαστσν</em></strong></span> <span class='ocrx_word' id='word_1_192' title='bbox 211 2339 342 2427; x_wconf 87' lang='grc' dir='ltr'><strong><em>όοκοίη,</em></strong></span> <span class='ocrx_word' id='word_1_193' title='bbox 373 2341 429 2405; x_wconf 88' lang='grc' dir='ltr'><strong><em>καὶ</em></strong></span> <span class='ocrx_word' id='word_1_194' title='bbox 457 2352 528 2417; x_wconf 91' lang='grc' dir='ltr'><strong><em>τοῖς</em></strong></span> <span class='ocrx_word' id='word_1_195' title='bbox 548 2339 765 2424; x_wconf 81' lang='grc' dir='ltr'><strong><em>βουλομένοις</em></strong></span> <span class='ocrx_word' id='word_1_196' title='bbox 786 2341 867 2424; x_wconf 88' lang='grc' dir='ltr'><strong><em>περὶ</em></strong></span> <span class='ocrx_word' id='word_1_197' title='bbox 889 2337 970 2423; x_wconf 80' lang='grc' dir='ltr'><strong><em>ἐμοῦ</em></strong></span> <span class='ocrx_word' id='word_1_198' title='bbox 990 2341 1146 2430; x_wconf 78' lang='grc' dir='ltr'><strong><em>βλασφη-</em></strong></span> 
     </span>
     <span class='ocr_line' id='line_1_22' title="bbox 65 2433 1144 2529; baseline 0.002 -21"><span class='ocrx_word' id='word_1_199' title='bbox 65 2454 140 2526; x_wconf 88' lang='grc' dir='ltr'><strong><em>μεῖν</em></strong></span> <span class='ocrx_word' id='word_1_200' title='bbox 162 2439 292 2529; x_wconf 81' lang='grc' dir='ltr'><strong><em>πολλὴν</em></strong></span> <span class='ocrx_word' id='word_1_201' title='bbox 316 2439 470 2520; x_wconf 75' lang='grc' dir='ltr'><strong><em>ἐξουσίαν</em></strong></span> <span class='ocrx_word' id='word_1_202' title='bbox 491 2439 662 2528; x_wconf 84' lang='grc' dir='ltr'><strong><em>παράσχοι</em></strong></span> <span class='ocrx_word' id='word_1_203' title='bbox 670 2462 679 2520; x_wconf 86' lang='grc'>;</span> <span class='ocrx_word' id='word_1_204' title='bbox 701 2443 757 2507; x_wconf 84' lang='grc' dir='ltr'><strong><em>καὶ</em></strong></span> <span class='ocrx_word' id='word_1_205' title='bbox 781 2433 819 2507; x_wconf 81' lang='lat'><strong><em>06</em></strong></span> <span class='ocrx_word' id='word_1_206' title='bbox 834 2440 936 2525; x_wconf 90' lang='grc' dir='ltr'><strong><em>μόνον</em></strong></span> <span class='ocrx_word' id='word_1_207' title='bbox 950 2435 1046 2509; x_wconf 74' lang='grc' dir='ltr'><strong><em>ταῦτ’</em></strong></span> <span class='ocrx_word' id='word_1_208' title='bbox 1073 2441 1144 2510; x_wconf 82' lang='grc' dir='ltr'><strong><em>ἐστὶ</em></strong></span> 
     </span>
     <span class='ocr_line' id='line_1_23' title="bbox 65 2536 1193 2632; baseline 0.003 -23"><span class='ocrx_word' id='word_1_209' title='bbox 65 2541 107 2609; x_wconf 83' lang='grc' dir='ltr'><strong><em>τὰ</em></strong></span> <span class='ocrx_word' id='word_1_210' title='bbox 129 2541 296 2610; x_wconf 77' lang='grc' dir='ltr'><strong><em>ποιοῦντά</em></strong></span> <span class='ocrx_word' id='word_1_211' title='bbox 323 2568 365 2628; x_wconf 89' lang='grc' dir='ltr'><strong><em>με</em></strong></span> <span class='ocrx_word' id='word_1_212' title='bbox 395 2536 676 2632; x_wconf 77' lang='grc' dir='ltr'><strong><em>ἀγωνίζεσθαι</em></strong></span> <span class='ocrx_word' id='word_1_213' title='bbox 640 2569 700 2610; x_wconf 90' lang='grc' dir='ltr'><strong><em>τον</em></strong></span> <span class='ocrx_word' id='word_1_214' title='bbox 722 2536 835 2631; x_wconf 79' lang='grc' dir='ltr'><strong><em>ἇχιόνα</em></strong></span> <span class='ocrx_word' id='word_1_215' title='bbox 856 2547 988 2627; x_wconf 79' lang='grc' dir='ltr'><strong><em>τοῦτον,</em></strong></span> <span class='ocrx_word' id='word_1_216' title='bbox 1013 2537 1089 2610; x_wconf 85' lang='grc' dir='ltr'><strong><em>όιλλ</em></strong></span> <span class='ocrx_word' id='word_1_217' title='bbox 1116 2544 1150 2612; x_wconf 73' lang='grc' dir='ltr'><strong><em>εί.</em></strong></span> <span class='ocrx_word' id='word_1_218' title='bbox 1191 2591 1193 2598; x_wconf 88' lang='lat'>·</span> 
     </span>
     <span class='ocr_line' id='line_1_24' title="bbox 66 2636 1145 2769; baseline 0.004 -59"><span class='ocrx_word' id='word_1_219' title='bbox 66 2636 174 2722; x_wconf 66' lang='grc' dir='ltr'><strong><em>οὕτως</em></strong></span> <span class='ocrx_word' id='word_1_220' title='bbox 184 2646 331 2769; x_wconf 85' lang='grc' dir='ltr'><strong><em>φαῦλρς</em></strong></span> <span class='ocrx_word' id='word_1_221' title='bbox 361 2639 545 2746; x_wconf 89' lang='grc' dir='ltr'><strong><em>ανθρωπος</em></strong></span> <span class='ocrx_word' id='word_1_222' title='bbox 573 2644 678 2712; x_wconf 82' lang='grc' dir='ltr'><strong><em>όοκιό</em></strong></span> <span class='ocrx_word' id='word_1_223' title='bbox 690 2643 777 2715; x_wconf 81' lang='grc' dir='ltr'><strong><em>εἶναι</em></strong></span> <span class='ocrx_word' id='word_1_224' title='bbox 799 2650 855 2714; x_wconf 84' lang='grc' dir='ltr'><strong><em>καί</em></strong></span> <span class='ocrx_word' id='word_1_225' title='bbox 853 2644 1019 2769; x_wconf 80' lang='grc' dir='ltr'><strong><em>μηδενός</em></strong></span> <span class='ocrx_word' id='word_1_226' title='bbox 1042 2642 1145 2727; x_wconf 78' lang='grc' dir='ltr'><strong><em>όξιος,</em></strong></span> 
     </span>
     <span class='ocr_line' id='line_1_25' title="bbox 66 2737 1146 2864; baseline 0.005 -53"><span class='ocrx_word' id='word_1_227' title='bbox 66 2737 155 2814; x_wconf 87' lang='grc' dir='ltr'><strong><em>ιόστε</em></strong></span> <span class='ocrx_word' id='word_1_228' title='bbox 177 2742 245 2813; x_wconf 87' lang='grc' dir='ltr'><strong><em>υπό</em></strong></span> <span class='ocrx_word' id='word_1_229' title='bbox 268 2746 329 2831; x_wconf 84' lang='grc' dir='ltr'><strong><em>μὲν</em></strong></span> <span class='ocrx_word' id='word_1_230' title='bbox 351 2745 386 2814; x_wconf 81' lang='grc' dir='ltr'><strong><em>εὖ</em></strong></span> <span class='ocrx_word' id='word_1_231' title='bbox 409 2751 613 2836; x_wconf 82' lang='grc' dir='ltr'><strong><em>φρονοῦντος</em></strong></span> <span class='ocrx_word' id='word_1_232' title='bbox 633 2741 748 2864; x_wconf 50' lang='grc' dir='ltr'><strong><em>μηθ’(</em></strong></span> <span class='ocrx_word' id='word_1_233' title='bbox 668 2741 790 2836; x_wconf 72' lang='grc' dir='ltr'><strong><em>ηὐφ</em></strong></span> <span class='ocrx_word' id='word_1_234' title='bbox 810 2746 884 2826; x_wconf 77' lang='grc' dir='ltr'><strong><em>ἑνός</em></strong></span> <span class='ocrx_word' id='word_1_235' title='bbox 900 2739 1146 2874; x_wconf 76' lang='grc' dir='ltr'><strong><em>όνπριηθηναι</em></strong></span> 
     </span>
     <span class='ocr_line' id='line_1_26' title="bbox 64 2841 1146 2958; baseline 0.001 -45"><span class='ocrx_word' id='word_1_236' title='bbox 64 2851 133 2917; x_wconf 79' lang='grc' dir='ltr'><strong><em>τεόν</em></strong></span> <span class='ocrx_word' id='word_1_237' title='bbox 162 2849 272 2936; x_wconf 86' lang='grc' dir='ltr'><strong><em>φίλων</em></strong></span> <span class='ocrx_word' id='word_1_238' title='bbox 279 2900 288 2929; x_wconf 85' lang='grc'><strong><em>,</em></strong></span> <span class='ocrx_word' id='word_1_239' title='bbox 316 2844 384 2915; x_wconf 76' lang='grc' dir='ltr'><strong><em>ὑπὸ</em></strong></span> <span class='ocrx_word' id='word_1_240' title='bbox 413 2849 449 2958; x_wconf 77' lang='lat'><strong><em>66</em></strong></span> <span class='ocrx_word' id='word_1_241' title='bbox 476 2872 785 2936; x_wconf 87' lang='grc' dir='ltr'><strong><em>παραφρονοιντος,</em></strong></span> <span class='ocrx_word' id='word_1_242' title='bbox 807 2841 901 2914; x_wconf 81' lang='grc' dir='ltr'><strong><em>ταῦτ</em></strong></span> <span class='ocrx_word' id='word_1_243' title='bbox 932 2847 1003 2915; x_wconf 86' lang='grc' dir='ltr'><strong><em>ἐστὶ</em></strong></span> <span class='ocrx_word' id='word_1_244' title='bbox 1024 2849 1067 2914; x_wconf 86' lang='grc' dir='ltr'><strong><em>τὰ</em></strong></span> <span class='ocrx_word' id='word_1_245' title='bbox 1089 2852 1146 2914; x_wconf 86' lang='grc' dir='ltr'><strong><em>λτ</em></strong></span> 
     </span>
     <span class='ocr_line' id='line_1_27' title="bbox 66 2949 273 3034; baseline 0.01 -19"><span class='ocrx_word' id='word_1_246' title='bbox 66 2949 199 3017; x_wconf 82' lang='grc' dir='ltr'><strong><em>ποῦντό</em></strong></span> <span class='ocrx_word' id='word_1_247' title='bbox 222 2975 273 3034; x_wconf 92' lang='grc' dir='ltr'><strong><em>με.</em></strong></span> 
     </span>
    </p>

    <p class='ocr_par' dir='ltr' id='par_1_3' title="bbox 63 3043 1197 3240">
     <span class='ocr_line' id='line_1_28' title="bbox 148 3043 1197 3138; baseline -0.008 -18.954"><span class='ocrx_word' id='word_1_248' title='bbox 148 3045 228 3138; x_wconf 77' lang='grc' dir='ltr'><strong><em>Ἐγώ</em></strong></span> <span class='ocrx_word' id='word_1_249' title='bbox 254 3077 310 3118; x_wconf 93' lang='grc' dir='ltr'><strong><em>ουν</em></strong></span> <span class='ocrx_word' id='word_1_250' title='bbox 334 3045 491 3135; x_wconf 55' lang='grc' dir='ltr'><strong><em>δέομαι(</em></strong></span> <span class='ocrx_word' id='word_1_251' title='bbox 474 3052 566 3133; x_wconf 86' lang='grc' dir='ltr'><strong><em>υμιῦν</em></strong></span> <span class='ocrx_word' id='word_1_252' title='bbox 587 3047 739 3130; x_wconf 83' lang='grc' dir='ltr'><strong><em>πάντων,</em></strong></span> <span class='ocrx_word' id='word_1_253' title='bbox 762 3045 789 3114; x_wconf 85' lang='grc' dir='ltr'><em>ὠ</em></span> <span class='ocrx_word' id='word_1_254' title='bbox 813 3043 945 3135; x_wconf 80' lang='grc' dir='ltr'><strong><em>ανδρες,</em></strong></span> <span class='ocrx_word' id='word_1_255' title='bbox 974 3043 1071 3116; x_wconf 80' lang='grc' dir='ltr'><strong><em>καί’</em></strong></span> <span class='ocrx_word' id='word_1_256' title='bbox 1053 3076 1145 3118; x_wconf 89' lang='grc' dir='ltr'><strong><em>αντι-</em></strong></span> <span class='ocrx_word' id='word_1_257' title='bbox 1159 3056 1197 3112; x_wconf 66' lang='lat'><strong><em>44</em></strong></span> 
     </span>
     <span class='ocr_line' id='line_1_29' title="bbox 63 3143 1146 3240; baseline -0.002 -19"><span class='ocrx_word' id='word_1_258' title='bbox 63 3154 158 3238; x_wconf 81' lang='grc' dir='ltr'><strong><em>βαλῶ</em></strong></span> <span class='ocrx_word' id='word_1_259' title='bbox 185 3155 242 3220; x_wconf 82' lang='grc' dir='ltr'><strong><em>καί</em></strong></span> <span class='ocrx_word' id='word_1_260' title='bbox 272 3152 405 3220; x_wconf 79' lang='grc' dir='ltr'><strong><em>ἱκετεύω</em></strong></span> <span class='ocrx_word' id='word_1_261' title='bbox 435 3149 569 3240; x_wconf 82' lang='grc' dir='ltr'><strong><em>ἐλεῆσαί</em></strong></span> <span class='ocrx_word' id='word_1_262' title='bbox 596 3176 639 3236; x_wconf 89' lang='grc' dir='ltr'><strong><em>με</em></strong></span> <span class='ocrx_word' id='word_1_263' title='bbox 670 3154 726 3218; x_wconf 87' lang='grc' dir='ltr'><strong><em>καὶ</em></strong></span> <span class='ocrx_word' id='word_1_264' title='bbox 760 3143 1058 3240; x_wconf 78' lang='grc' dir='ltr'><strong><em>ἀποψηφίσασθαι</em></strong></span> <span class='ocrx_word' id='word_1_265' title='bbox 1086 3156 1146 3219; x_wconf 80' lang='grc' dir='ltr'><strong><em>τοῦ</em></strong></span> 
     </span>
    </p>
   </div>
   <div class='ocr_carea' id='block_1_3' title="bbox 63 3384 1149 3974">
    <p class='ocr_par' dir='ltr' id='par_1_4' title="bbox 63 3384 1149 3974">
     <span class='ocr_line' id='line_1_30' title="bbox 135 3384 1149 3466; baseline -0.001 -18"><span class='ocrx_word' id='word_1_266' title='bbox 135 3391 181 3448; x_wconf 73' lang='lat'><strong><em>40·</em></strong></span> <span class='ocrx_word' id='word_1_267' title='bbox 202 3396 224 3448; x_wconf 90' lang='lat'><strong><em>1.</em></strong></span> <span class='ocrx_word' id='word_1_268' title='bbox 243 3395 258 3446; x_wconf 66' lang='grc' dir='ltr'><strong><em>θ</em></strong></span> <span class='ocrx_word' id='word_1_269' title='bbox 276 3384 382 3446; x_wconf 71' lang='grc' dir='ltr'><strong><em>ἅπασιν</em></strong></span> <span class='ocrx_word' id='word_1_270' title='bbox 397 3385 500 3461; x_wconf 76' lang='grc' dir='ltr'><strong><em>όμῖνΟ</em></strong></span> <span class='ocrx_word' id='word_1_271' title='bbox 522 3423 553 3431; x_wconf 95' lang='grc'>-</span> <span class='ocrx_word' id='word_1_272' title='bbox 578 3387 814 3464; x_wconf 79' lang='grc' dir='ltr'><strong><em>ὃμολσγοῦμεν..ν</em></strong></span> <span class='ocrx_word' id='word_1_273' title='bbox 829 3392 850 3444; x_wconf 92' lang='lat' dir='ltr'>A</span> <span class='ocrx_word' id='word_1_274' title='bbox 865 3410 912 3461; x_wconf 82' lang='lat' dir='ltr'><strong><em>pr„</em></strong></span> <span class='ocrx_word' id='word_1_275' title='bbox 929 3389 1149 3466; x_wconf 41' lang='lat' dir='ltr'><strong><em>Apoloyoipsvdv,</em></strong></span> 
     </span>
     <span class='ocr_line' id='line_1_31' title="bbox 64 3473 1145 3551; baseline -0.002 -19"><span class='ocrx_word' id='word_1_276' title='bbox 64 3495 132 3532; x_wconf 82' lang='lat' dir='ltr'><strong>corr.</strong></span> <span class='ocrx_word' id='word_1_277' title='bbox 144 3483 193 3531; x_wconf 85' lang='lat'><strong><em>1-</em></strong></span> <span class='ocrx_word' id='word_1_278' title='bbox 212 3481 228 3532; x_wconf 80' lang='lat'><strong>3</strong></span> <span class='ocrx_word' id='word_1_279' title='bbox 246 3477 446 3551; x_wconf 68' lang='grc' dir='ltr'><strong><em>παραφρονεῖς)</em></strong></span> <span class='ocrx_word' id='word_1_280' title='bbox 464 3507 498 3517; x_wconf 85' lang='grc'>-</span> <span class='ocrx_word' id='word_1_281' title='bbox 517 3482 531 3530; x_wconf 85' lang='grc'>5</span> <span class='ocrx_word' id='word_1_282' title='bbox 551 3473 766 3549; x_wconf 74' lang='grc' dir='ltr'><strong><em>ὠμολοχηθέντα</em></strong></span> <span class='ocrx_word' id='word_1_283' title='bbox 779 3477 800 3529; x_wconf 91' lang='lat' dir='ltr'>A</span> <span class='ocrx_word' id='word_1_284' title='bbox 815 3494 852 3545; x_wconf 85' lang='lat' dir='ltr'><strong><em>pr.</em></strong></span> <span class='ocrx_word' id='word_1_285' title='bbox 871 3507 904 3518; x_wconf 92' lang='lat'><em>-</em></span> <span class='ocrx_word' id='word_1_286' title='bbox 918 3481 938 3532; x_wconf 84' lang='grc'><strong><em>-6</em></strong></span> <span class='ocrx_word' id='word_1_287' title='bbox 955 3486 990 3547; x_wconf 83' lang='grc' dir='ltr'><strong><em>με</em></strong></span> <span class='ocrx_word' id='word_1_288' title='bbox 1002 3495 1051 3532; x_wconf 87' lang='lat' dir='ltr'><strong><em>om.</em></strong></span> <span class='ocrx_word' id='word_1_289' title='bbox 1064 3477 1086 3529; x_wconf 98' lang='lat' dir='ltr'>A</span> <span class='ocrx_word' id='word_1_290' title='bbox 1098 3494 1145 3544; x_wconf 84' lang='lat' dir='ltr'><strong><em>pr,</em></strong></span> 
     </span>
     <span class='ocr_line' id='line_1_32' title="bbox 64 3558 1145 3632; baseline -0.002 -16"><span class='ocrx_word' id='word_1_291' title='bbox 64 3566 91 3616; x_wconf 89' lang='lat' dir='ltr'><strong><em>in</em></strong></span> <span class='ocrx_word' id='word_1_292' title='bbox 111 3579 165 3632; x_wconf 74' lang='lat' dir='ltr'><strong><em>mg.</em></strong></span> <span class='ocrx_word' id='word_1_293' title='bbox 178 3563 235 3618; x_wconf 76' lang='lat' dir='ltr'><strong>add.</strong></span> <span class='ocrx_word' id='word_1_294' title='bbox 257 3568 279 3616; x_wconf 85' lang='lat'><strong><em>1.</em></strong></span> <span class='ocrx_word' id='word_1_295' title='bbox 330 3561 374 3617; x_wconf 74' lang='lat'><strong><em>41.</em></strong></span> <span class='ocrx_word' id='word_1_296' title='bbox 396 3558 463 3630; x_wconf 77' lang='grc' dir='ltr'><strong><em>ίμὴ</em></strong></span> <span class='ocrx_word' id='word_1_297' title='bbox 481 3578 531 3615; x_wconf 85' lang='lat' dir='ltr'><strong><em>om.</em></strong></span> <span class='ocrx_word' id='word_1_298' title='bbox 550 3560 623 3624; x_wconf 81' lang='lat' dir='ltr'><strong><em>Q-</em></strong></span> <span class='ocrx_word' id='word_1_299' title='bbox 642 3559 797 3628; x_wconf 71' lang='grc' dir='ltr'><strong><em>ἳτόΙτὸΑ.</em></strong></span> <span class='ocrx_word' id='word_1_300' title='bbox 848 3561 894 3618; x_wconf 74' lang='lat'><strong><em>42.</em></strong></span> <span class='ocrx_word' id='word_1_301' title='bbox 913 3561 1017 3616; x_wconf 68' lang='grc' dir='ltr'><strong><em>θεῖναι</em></strong></span> <span class='ocrx_word' id='word_1_302' title='bbox 1035 3559 1145 3615; x_wconf 79' lang='grc' dir='ltr'><strong><em>οοίετὸ</em></strong></span> 
     </span>
     <span class='ocr_line' id='line_1_33' title="bbox 64 3640 1146 3723; baseline -0.004 -21"><span class='ocrx_word' id='word_1_303' title='bbox 64 3648 182 3720; x_wconf 78' lang='grc' dir='ltr'><strong><em>πρᾶγμα</em></strong></span> <span class='ocrx_word' id='word_1_304' title='bbox 200 3647 377 3711; x_wconf 81' lang='grc' dir='ltr'><strong><em>ασΙΙοα.0-</em></strong></span> <span class='ocrx_word' id='word_1_305' title='bbox 397 3640 473 3701; x_wconf 77' lang='grc' dir='ltr'><strong><em>θῶι</em></strong></span> <span class='ocrx_word' id='word_1_306' title='bbox 490 3645 626 3709; x_wconf 73' lang='grc' dir='ltr'><strong><em>ουκ-Ο</em></strong></span> <span class='ocrx_word' id='word_1_307' title='bbox 644 3644 793 3723; x_wconf 74' lang='grc' dir='ltr'><strong><em>ίγένιτοΟ</em></strong></span> <span class='ocrx_word' id='word_1_308' title='bbox 863 3643 908 3700; x_wconf 75' lang='lat'><strong><em>48</em></strong></span> <span class='ocrx_word' id='word_1_309' title='bbox 928 3643 1096 3714; x_wconf 71' lang='grc' dir='ltr'><strong><em>ἐπαράσχοι</em></strong></span> <span class='ocrx_word' id='word_1_310' title='bbox 1113 3645 1146 3698; x_wconf 82' lang='lat' dir='ltr'><strong><em>de</em></strong></span> 
     </span>
     <span class='ocr_line' id='line_1_34' title="bbox 63 3720 1145 3803; baseline -0.007 -17"><span class='ocrx_word' id='word_1_311' title='bbox 63 3748 135 3800; x_wconf 86' lang='lat' dir='ltr'>meo,</span> <span class='ocrx_word' id='word_1_312' title='bbox 153 3736 309 3803; x_wconf 86' lang='grc' dir='ltr'><strong><em>παρασχοίη</em></strong></span> <span class='ocrx_word' id='word_1_313' title='bbox 322 3731 452 3797; x_wconf 63' lang='lat' dir='ltr'><strong>Schoem„</strong></span> <span class='ocrx_word' id='word_1_314' title='bbox 470 3728 635 3800; x_wconf 81' lang='grc' dir='ltr'><strong><em>παράσχοιμι</em></strong></span> <span class='ocrx_word' id='word_1_315' title='bbox 648 3732 690 3784; x_wconf 84' lang='lat' dir='ltr'><strong><em>vel</em></strong></span> <span class='ocrx_word' id='word_1_316' title='bbox 703 3732 894 3801; x_wconf 83' lang='grc' dir='ltr'><strong><em>παρασχοίμην</em></strong></span> <span class='ocrx_word' id='word_1_317' title='bbox 906 3727 991 3782; x_wconf 87' lang='lat' dir='ltr'>Turr</span> <span class='ocrx_word' id='word_1_318' title='bbox 1009 3720 1145 3802; x_wconf 81' lang='grc' dir='ltr'><strong><em>παρᾶσχο·</em></strong></span> 
     </span>
     <span class='ocr_line' id='line_1_35' title="bbox 63 3811 1145 3887; baseline -0.005 -17"><span class='ocrx_word' id='word_1_319' title='bbox 63 3816 162 3885; x_wconf 80' lang='grc' dir='ltr'><strong><em>μαιλ,</em></strong></span> <span class='ocrx_word' id='word_1_320' title='bbox 180 3815 276 3887; x_wconf 70' lang='lat' dir='ltr'><strong>quido</strong></span> <span class='ocrx_word' id='word_1_321' title='bbox 294 3816 388 3869; x_wconf 76' lang='lat' dir='ltr'><strong>habeat</strong></span> <span class='ocrx_word' id='word_1_322' title='bbox 405 3831 457 3868; x_wconf 87' lang='lat' dir='ltr'><strong><em>non</em></strong></span> <span class='ocrx_word' id='word_1_323' title='bbox 474 3814 572 3883; x_wconf 84' lang='lat' dir='ltr'>liquere</span> <span class='ocrx_word' id='word_1_324' title='bbox 590 3818 626 3870; x_wconf 79' lang='lat' dir='ltr'><strong><em>ait</em></strong></span> <span class='ocrx_word' id='word_1_325' title='bbox 643 3816 742 3870; x_wconf 83' lang='lat' dir='ltr'>Bk.-</span> <span class='ocrx_word' id='word_1_326' title='bbox 760 3817 849 3868; x_wconf 80' lang='grc' dir='ltr'><strong><em>ταῦτα</em></strong></span> <span class='ocrx_word' id='word_1_327' title='bbox 841 3811 959 3873; x_wconf 71' lang='grc' dir='ltr'><strong><em>’ἐστιθ</em></strong></span> <span class='ocrx_word' id='word_1_328' title='bbox 978 3817 1036 3867; x_wconf 82' lang='grc' dir='ltr'><strong><em>ίεεί.</em></strong></span> <span class='ocrx_word' id='word_1_329' title='bbox 1048 3813 1100 3866; x_wconf 81' lang='lat' dir='ltr'><strong><em>Mai</em></strong></span> <span class='ocrx_word' id='word_1_330' title='bbox 1113 3841 1145 3852; x_wconf 90' lang='lat'><strong><em>-—</em></strong></span> 
     </span>
     <span class='ocr_line' id='line_1_36' title="bbox 64 3893 1147 3974; baseline -0.008 -19"><span class='ocrx_word' id='word_1_331' title='bbox 64 3907 81 3958; x_wconf 84' lang='grc'><strong>6</strong></span> <span class='ocrx_word' id='word_1_332' title='bbox 100 3900 295 3974; x_wconf 80' lang='grc' dir='ltr'><strong><em>αχοινίζτσθαι</em></strong></span> <span class='ocrx_word' id='word_1_333' title='bbox 317 3904 378 3970; x_wconf 74' lang='lat' dir='ltr'><strong>post</strong></span> <span class='ocrx_word' id='word_1_334' title='bbox 398 3900 497 3955; x_wconf 77' lang='grc' dir='ltr'><strong><em>τοῦτον</em></strong></span> <span class='ocrx_word' id='word_1_335' title='bbox 520 3899 611 3958; x_wconf 80' lang='grc' dir='ltr'><strong><em>εοΙΙοα.</em></strong></span> <span class='ocrx_word' id='word_1_336' title='bbox 633 3893 653 3962; x_wconf 76' lang='lat' dir='ltr'><strong><em>Q</em></strong></span> <span class='ocrx_word' id='word_1_337' title='bbox 678 3931 712 3940; x_wconf 86' lang='lat'><strong><em>-</em></strong></span> <span class='ocrx_word' id='word_1_338' title='bbox 735 3903 751 3952; x_wconf 88' lang='grc'>9</span> <span class='ocrx_word' id='word_1_339' title='bbox 771 3894 826 3952; x_wconf 68' lang='grc' dir='ltr'><strong><em>ὕπὸ</em></strong></span> <span class='ocrx_word' id='word_1_340' title='bbox 850 3893 880 3950; x_wconf 81' lang='lat'><strong><em>66</em></strong></span> <span class='ocrx_word' id='word_1_341' title='bbox 903 3897 1147 3969; x_wconf 67' lang='grc' dir='ltr'><strong><em>παραφρονοῦντος</em></strong></span> 
     </span>
    </p>
   </div>
   <div class='ocr_carea' id='block_1_4' title="bbox 64 3978 941 4057">
    <p class='ocr_par' dir='ltr' id='par_1_5' title="bbox 64 3978 941 4057">
     <span class='ocr_line' id='line_1_37' title="bbox 64 3978 941 4057; baseline -0.01 -16"><span class='ocrx_word' id='word_1_342' title='bbox 64 3991 190 4057; x_wconf 73' lang='lat' dir='ltr'><strong><em>suspecta</em></strong></span> <span class='ocrx_word' id='word_1_343' title='bbox 207 4016 242 4027; x_wconf 96' lang='lat'><em>-</em></span> <span class='ocrx_word' id='word_1_344' title='bbox 260 3989 328 4040; x_wconf 84' lang='grc'><strong>9.10</strong></span> <span class='ocrx_word' id='word_1_345' title='bbox 345 3981 431 4052; x_wconf 78' lang='grc' dir='ltr'><strong><em>μετὰ</em></strong></span> <span class='ocrx_word' id='word_1_346' title='bbox 448 3981 509 4039; x_wconf 79' lang='grc' dir='ltr'><strong><em>λυτι.</em></strong></span> <span class='ocrx_word' id='word_1_347' title='bbox 529 3981 558 4044; x_wconf 83' lang='lat' dir='ltr'><strong><em>Q.</em></strong></span> <span class='ocrx_word' id='word_1_348' title='bbox 623 3979 673 4038; x_wconf 68' lang='lat'><strong><em>44.</em></strong></span> <span class='ocrx_word' id='word_1_349' title='bbox 692 3987 707 4038; x_wconf 82' lang='lat'>2</span> <span class='ocrx_word' id='word_1_350' title='bbox 725 3978 902 4052; x_wconf 80' lang='grc' dir='ltr'><strong><em>ἇπαφηφίσαι</em></strong></span> <span class='ocrx_word' id='word_1_351' title='bbox 920 3981 941 4045; x_wconf 78' lang='grc'><strong>0</strong></span> 
     </span>
    </p>
   </div>
   <div class='ocr_carea' id='block_1_5' title="bbox 0 0 1294 4476">
    <p class='ocr_par' dir='ltr' id='par_1_6' title="bbox 0 0 1294 4476">
     <span class='ocr_line' id='line_1_38' title="bbox 0 0 1294 4476; baseline 0 0"><span class='ocrx_word' id='word_1_352' title='bbox 0 0 1294 4476; x_wconf 95' lang='lat' dir='ltr'><strong><em> </em></strong></span> 
     </span>
    </p>
   </div>
  </div>
 </body>
</html>
