2572 4476
75 148 98 186 p,
115 135 151 174 51.
339 112 414 165 ΠΕΡΙ
431 112 495 167 ΤΟΥ
512 114 748 170 ΔΙΚΑΙΟΓΕΝΟΥΣ
766 116 904 171 stupor.
1108 113 1163 178 ’55

77 284 123 351 τὰ
149 284 323 373 εἰρημένα·
352 281 469 371 ἐπειδὴ
500 283 536 348 δὲ
558 291 865 371 παρεσκευασμένοι
894 285 979 355 είσίν
1008 284 1046 366 ἐξ
1066 279 1167 376 άρχης

81 389 164 474 περὶ
186 386 274 471 (τοῦ)
294 383 414 472 κλήρου
444 386 559 471 λέγειν,
588 384 756 470 βούλομαι
776 383 863 471 ύμᾶς
889 391 946 456 καί
973 382 1059 477 παρ’
1085 386 1166 473 ἐμοῦ

81 487 125 554 τά
155 492 352 576 πραχθέντα
379 490 576 568 πυθέσθαι,
606 487 663 554 ἵνα
692 486 818 566 εἰδότες
840 482 987 578 τάληθη,
1017 483 1036 558 ό
1064 516 1097 557 τι
1125 482 1166 558 άν

83 591 165 678 δοκῇ
179 587 267 674 ύμῖν,
292 593 506 678 ψηφίσησθε,
530 581 616 654 άλλὰ
631 587 676 678 μη
696 587 951 680 ἐξηπατημένοι.
989 591 1166 678 Μενεξένῳ

85 692 148 780 γάρ
169 696 217 778 τῳ
233 687 381 780 ἡμετέρῳ
397 691 534 778 πάππῳ
552 689 679 777 ἐγένετο
696 689 769 769 υίδς
782 693 843 777 μέν
859 691 917 774 είς,
939 697 1166 781 Δικαιογένης,

85 799 268 881 θυγατέρες
290 793 326 859 δέ
347 798 512 879 τέτταρες,
536 787 583 860 ὧν
605 792 704 879 ἔλαβε
725 801 807 879 μίαν
828 795 889 879 μέν
904 793 1126 881 Πολυάρατος
1148 791 1166 862 δ

88 896 198 986 πατὴρ
221 893 238 963 ό
264 893 358 979 ἐμός,
388 891 491 984 άλλην
515 895 551 961 δὲ
573 897 750 985 Δημοκλῆς
771 891 789 963 ό
816 896 1019 985 Φρεάρριος,
1048 894 1109 985 τὴν
1131 897 1167 964 δὲ

88 1000 299 1087 Κηῳισοηκῦν
328 993 345 1064 ό
375 996 575 1075 Παιανιεύς·
604 993 624 1086 ἡ
656 998 691 1064 δὲ
720 998 918 1086 Θεοπόμπῳ
947 996 1094 1088 έγηματο
1118 1002 1167 1086 τῷ

91 1100 323 1190 Κηφισοδότου
346 1106 460 1189 πατρί.
511 1103 565 1168 καί
589 1095 607 1167 ό
630 1101 691 1183 μὲν
712 1106 945 1192 Δικαιογένης,
968 1101 1202 1190 τριηραρχοςδ

88 1202 269 1280 ἐκπλεύσας
284 1205 343 1290 της
358 1201 529 1289 Παράλου,
553 1199 761 1291 ἐτελεύτησεν
781 1203 969 1288 μαχόμενος
986 1203 1021 1270 έν
1035 1204 1165 1290 Κνίδῳ·

90 1300 325 1380 ἀποθανόντος
348 1297 380 1368 δ’
406 1297 508 1370 αὐτοῦ
532 1298 679 1382 άπαιδος
702 1304 868 1394 διαθήκην
897 1298 1050 1432 ἀπέφηνε
1072 1305 1168 1395 Πρό-

88 1403 217 1486 ξενος(
201 1435 218 1473 ο
242 1409 480 1490 Δικαιογένους
502 1404 628 1491 πατήρ,
651 1399 671 1490 ᾗ
694 1405 935 1484 πιστεύσαντες
958 1408 991 1474 οἱ
1011 1403 1168 1524 ημέτερσι

89 1514 232 1602 πατέρες
262 1505 433 1588 ἐνείμαντο
460 1503 519 1570 τὸν
547 1505 677 1592 κληρον.
725 1509 781 1572 καὶ
812 1505 869 1573 επὶ
898 1507 958 1591 μὲν
989 1533 1036 1594 την
1064 1512 1167 1596 τρίτην

80 1616 183 1701 μέρει
205 1611 264 1674 τοῦ
287 1604 408 1692 κληρου
425 1610 644 1732 Δικαιογένης
666 1599 724 1674 όδε
744 1633 791 1694 τῳ
779 1607 1004 1687 Μενεξένου
1027 1614 1168 1676 Δικαιο-

90 1717 242 1798 γὲνει,γ
207 1706 358 1797 ἡμετέρῳ
387 1706 422 1772 δὲ
443 1712 524 1774 θεί
492 1713 549 1794 ίῳ,
579 1704 652 1786 υιδς
674 1706 818 1796 ἐγίγνετο
846 1709 1006 1829 ποιητός·
1036 1736 1103 1777 των
1132 1710 1168 1777 δέ

93 1815 219 1880 λοιπῶν
246 1809 366 1897 ἑκάστη
400 1806 437 1875 τό
473 1814 574 1896 μέρος
598 1808 605 1893 Ι
629 1807 852 1880 επεδικάσατο
880 1816 947 1880 τεόν
976 1812 1168 1892 Μενεξένου

93 1919 292 2002 θυγατέρων.
338 1906 384 1978 τόν
407 1909 469 1998 έγιύ
498 1909 576 1990 τούς
597 1910 674 1980 τότε
700 1913 874 2002 παρόντας
894 1911 973 2000 ύμῖν
997 1915 1168 2004 μάρτυρας

94 2017 289 2105 παρέξομαι.

513 2117 736 2170 ΜΑΡΤΥΡΕΣ.
811 2119 822 2130 ”

61 2215 75 2264 ’.
168 2197 302 2289 Ἐπειδὴ
327 2201 363 2266 δὲ
379 2198 551 2283 ἐνείμαντο
566 2197 625 2264 τόν
639 2200 768 2285 κλῆρον,
791 2192 975 2282 όμόσαντες
995 2197 1039 2286 μὴ
1056 2223 1167 2288 παρα·
1186 2217 1201 2271 2

93 2305 258 2394 (λήσεσθαι
280 2301 323 2369 τὰ
347 2297 601 2389 ὡμολογημένα,
624 2298 775 2388 ἐκέκτητο
798 2298 935 2379 ἕκαστος
961 2300 1089 2370 δυόδεκα
1111 2302 1167 2394 έτη

94 2405 236 2490 άέλαχε·
260 2406 315 2471 καὶ
339 2402 373 2470 ἐν
387 2401 537 2489 τοσούτῳ
556 2400 665 2498 χρόνῳ
682 2394 789 2468 ούσών
804 2399 904 2470 δικῶν
927 2396 1037 2484 ούδείς
1060 2399 1168 2474 αύτιόν

91 2503 212 2596 ηξίωσε
242 2506 284 2573 τά
313 2509 534 2624 πεπραγμένα
562 2503 671 2571 εἰπεῖν
694 2498 816 2626 ἀδίκως
837 2508 1057 2593 πεπρᾶχθαι,
1086 2509 1169 2595 πρίν

93 2604 401 2700 δυστυχησάσης
360 2634 419 2696 της
440 2606 573 2685 πόλεως
587 2609 643 2674 καί
666 2605 815 2683 στάσεως
836 2612 1013 2696 γενομένης
1026 2613 1169 2676 Δικαιο-

94 2720 184 2803 γένης
214 2708 328 2779 ούτοσὶ
358 2703 562 2786 πεισθεὶςε
545 2707 612 2775 υπό
637 2695 797 2784 Μέλανος
818 2711 878 2773 τού
899 2703 1169 2824 Αἰγυπτίου,
1141 2734 1167 2793 ῳ

94 2840 155 2904 περ
184 2841 239 2882 και
267 2799 415 2880 τάλλα’
401 2816 478 2876 επεί
465 2815 572 2889 ίθετο,
594 2801 849 2894 ημφεσβήτει“
829 2819 909 2892 ημῖν
938 2799 1090 2884 ἅπαντας
1111 2811 1170 2874 τού

95 2917 148 2982 κί’
134 2942 221 3033 η,ρου
245 2915 384 3004 ῳάσκων
406 2903 461 2999 ἐφ’
487 2901 548 2995 όλη
576 2910 768 3026 ποιηθῆναι
788 2900 907 2983 υίδς’
890 2902 957 2971 υπὸ
986 2908 1045 2971 τοῦ
1069 2911 1170 2974 θείου

96 3044 150 3084 του
138 3014 343 3108 ημετέρου.
386 3009 482 3101 ἡμεῖς
502 2993 623 3094 μὲν
586 3035 643 3076 ουν
665 3012 851 3092 μαίνεσθαι
873 3000 973 3074 αύτόν
994 3002 1205 3095 ηγούμεθαο

96 3123 133 3207 τη
156 3119 257 3210 λήξει,
282 3111 339 3184 ούκ
362 3111 402 3183 άν
424 3139 509 3182 ποτε
531 3110 681 3196 οἰόμενοι
701 3108 760 3187 τὸν
776 3103 876 3178 αύτδν
892 3105 1057 3201 άνδρα’
1019 3136 1095 3182 τοτε
1109 3112 1170 3199 μέν

178 3356 262 3423 δυοῖν
280 3353 336 3408 εδδ
349 3353 463 3407 Rsk.-
481 3348 579 3420 θὴμῖν
591 3367 638 3420 pr
657 3366 721 3403 corr.
735 3354 747 3403 1
768 3379 801 3389 -
818 3354 934 3420 ..ῳηφίσ
941 3348 996 3402 am
1013 3367 1060 3417 pr„
1073 3366 1138 3404 corr.
1153 3355 1168 3404 2

52 3484 55 3489 .
99 3442 347 3507 ίξαπατημενοι
358 3455 405 3505 pr
422 3441 565 3492 οαττ.1-
584 3437 700 3502 Ἱμδνε.
712 3438 816 3487 v.-1
835 3431 1032 3502 8πολύαρτοιι
1045 3448 1094 3486 em
1107 3432 1169 3486 Rsk.

100 3523 250 3601 -9φρεά,
256 3545 283 3595 ρ.
290 3540 340 3577 coc:
355 3539 403 3577 em.
416 3523 527 3576 Αίδμ-
546 3523 575 3572 11
589 3513 801 3588 κηφηοιοδότουτ
814 3533 862 3572 em.
876 3516 965 3585 Steph.
1017 3514 1044 3570 ⁶.
1057 3512 1170 3570 2κνίδιν

89 3628 159 3667 τοτε.
180 3617 202 3678 1,
220 3633 248 3665 κ.
255 3607 283 3666 δ.
291 3628 313 3662 ιο
330 3624 378 3677 με,
395 3607 428 3660 εί.
447 3606 566 3672 543-
591 3607 620 3656 11
641 3604 681 3655 tit.
699 3601 757 3654 add.
774 3601 916 3654 Markland.
986 3599 1010 3652 7.
1029 3591 1170 3653 δούθείοε

99 3712 145 3750 em
164 3697 258 3752 Bk·
283 3700 306 3750 5.
325 3687 550 3759 mmmmm·
543 3703 569 3738 ln
587 3704 638 3756 mg.
652 3692 664 3741 1
685 3688 727 3753 (ci.
740 3686 823 3751 Nbr.)·
841 3680 963 3754 κᾶγῶνοε
980 3681 1038 3736 Ala.
1056 3688 1083 3737 et
1099 3683 1171 3748 vulg.

101 3777 228 3853 -’8ίφ
242 3759 1169 3852 3211Ald.‚‘c·52on'mlaadd.l⁶'uhr,ft.dp'324²:‘vp’sslqvpr.‚57

97 3857 162 3919 όλον
180 3882 244 3919 corr.
264 3867 288 3916 2.
358 3861 383 3915 8.
403 3818 523 3923 2άνδρά
541 3869 604 3906 corr.
625 3859 648 3917 1,
666 3848 746 3905 ἅνδ..
765 3867 802 3916 pr.
