2572 4476
589 921 614 987 Ι.

134 1050 270 1131 ΠΕΡΙ
300 1051 409 1132 ΤΟΥ
438 1052 794 1136 ΚΛΕΩΝΥΜΟΥ
821 1054 1070 1138 ΚΛΗΡΟῩ.
1117 1054 1196 1161 3⁶8¹?

526 1227 677 1238 -,..-.--

479 1362 718 1416 ΥΠΟΘΕΣΙΣ.

132 1453 284 1530 Άδελφιδοῖ
302 1455 477 1529 Κλεωνύμου
494 1456 716 1532 τελευτήσαντος
739 1459 786 1517 ἐπὶ
810 1456 864 1517 τὸν
881 1464 990 1534 κλῆρον
1008 1454 1143 1533 ἔρχονται

93 1540 169 1601 κατὰ
183 1543 275 1615 γένος,
294 1539 347 1608 τὰς
365 1540 513 1615 διαθήκας,
530 1537 564 1609 δίς
576 1544 753 1616 παρέχονται
766 1544 805 1608 εἰς
820 1537 925 1608 αύτούς
938 1543 1043 1618 οἱπερὶ
1056 1544 1144 1619 Φερέ-

96 1649 177 1685 νικον
194 1632 242 1683 καὶ
263 1629 383 1695 Σίμωνα
401 1631 450 1683 καί
468 1628 679 1692 Ποσείδιππον,
701 1623 828 1701 γράψαι,
850 1620 890 1692 ὥς
908 1620 1013 1699 άληδὲς
1029 1619 1076 1700 ήν,
1094 1632 1144 1685 καί

96 1719 192 1768 θεῖναι
215 1707 295 1783 παρὰ
318 1719 380 1776 τοῖς
403 1707 542 1784 άρχουσιν
567 1705 779 1783 ὁμολογοῦντες
797 1707 971 1781 Κλειύνυμον
992 1709 1066 1770 κατὰ
1091 1709 1143 1786 τήν

96 1792 172 1868 πρὸς
190 1797 305 1852 Δεινίαν
323 1791 376 1852 τὸν
392 1793 554 1869 ἐπίτροπον
578 1789 674 1853 αὐτῶν
692 1789 793 1870 ὀργήν,
816 1787 940 1870 ύστερον
957 1797 987 1855 δὲ
1004 1794 1143 1873 ἐπιχειρή-
1160 1804 1176 1852 5

95 1900 187 1938 σαντα
206 1885 287 1937 λῦσαι
304 1883 352 1936 καί
369 1877 635 1954 μεταπεμψάμενον
652 1876 707 1938 τὸν
728 1875 894 1952 ἀστυνόμον
911 1880 1044 1956 ἐξαίφνης
1061 1879 1142 1951 (άπο-

93 1969 218 2031 θανεῖν)·
246 1969 295 2022 καί
321 1961 492 2039 Πολύαρχον
516 1967 546 2023 δὲ
567 1961 621 2022 τὸν
644 1961 766 2023 πάππον
784 1959 891 2033 αύτων,
914 1964 1088 2038 Κλεωνύμου
1112 1971 1142 2027 δὲ

94 2050 219 2124 πατέρα,
243 2045 417 2122 προστάξαι,
440 2051 470 2111 εί
487 2074 514 2110 τι
536 2047 645 2122 πάσχοι
662 2047 846 2121 Κλειύνυμος,
870 2055 968 2109 δοῦναι
989 2047 1087 2120 αὐτοῖς
1104 2050 1141 2111 τὰ

93 2131 270 2210 ὑπάρχοντα.
301 2129 337 2190 Ἡ
351 2132 449 2214 στάσις
468 2123 539 2207 όρος
557 2139 672 2201 διπλοῦς
695 2133 769 2194 κατὰ
794 2132 1017 2210 ἀμφισβήτησιν·
1044 2137 1072 2194 ολ
1088 2137 1142 2206 μὲν

94 2217 152 2294 γάρ
171 2216 253 2277 άλλοι
273 2229 335 2284 ταῖς
352 2219 520 2292 γενομέναις
537 2216 568 2284 ἐξ
585 2214 675 2294 άρχῆς
692 2216 840 2291 διαθήκαις
861 2222 1094 2292 διισχυρίζονται,
1113 2219 1142 2278 ολ
1161 2228 1192 2277 10

96 2306 134 2370 δέ,
152 2305 284 2375 λέγοντες
303 2294 349 2359 ότι
366 2303 577 2372 μετεκαλέσατο
597 2299 650 2361 τὸν
662 2301 801 2377 άρχοντα,
816 2300 865 2360 ίνα
883 2300 953 2375 λύσῃ
965 2298 1061 2370 αύτάς,
1080 2314 1142 2372 τοῖς

97 2392 263 2444 τελευταῖον
280 2384 359 2460 παρὰ
378 2393 431 2446 τοῦ
449 2382 623 2458 Κλεωνύμου
639 2389 814 2462 γενομένοις.

147 2506 262 2595 Πολλή
284 2508 345 2592 μὲν
366 2504 386 2599 ή
408 2508 576 2597 μεταβολή
591 2535 652 2594 μοι
666 2515 807 2597 γέγονεν,
831 2494 857 2574 ά
876 2504 1002 2597 ἄνδρες,
1025 2511 1172 2576 τελευ-1

60 2610 222 2698 τήσαντσς
245 2609 455 2694 Κλεωνύμου.
500 2611 623 2689 ἐκεῖνος
645 2611 707 2699 γάρ
731 2611 794 2691 ζιῦν
809 2611 869 2695 μὲν
885 2607 966 2697 ἡμῖν
980 2613 1142 2678 κατέλιπε

58 2711 119 2799 τήν
135 2704 261 2791 ούσίαν,
279 2705 466 2779 ἀποθανών
482 2713 519 2779 δὲ
532 2713 734 2779 κινδυνεύειν
748 2714 826 2797 περὶ
844 2704 945 2797 αύτής
962 2719 1140 2800 πεποίηκε.

59 2816 116 2880 καὶ
138 2812 215 2878 τότε
236 2811 297 2894 μὲν
320 2805 424 2888 ούτως
445 2807 506 2877 ὑπ’
542 2807 643 2879 αύτσῦ
666 2811 851 2899 σωφρόνως
874 2811 1139 2894 ἐπαιδευόμεθα,

59 2906 143 2979 ωστ’
164 2905 240 2978 οὐδὲ
256 2904 499 2997 ἀκροασόμενοι
511 2905 673 2978 οὐδέποτε
684 2908 835 2997 ἤλθομεν
847 2909 906 2977 ἐπὶ
918 2910 1140 2998 δικαστήριον,

59 3019 116 3083 νύν
132 3015 169 3081 δὲ
186 3007 426 3100 ἀγωνιούμενοι
440 3015 519 3102 περί
535 3011 673 3079 πάντων
688 3005 809 3100 ήκομεν
821 3015 887 3078 τῶν
905 3008 1138 3098 ὑπαρχόντων·

59 3111 98 3184 ού
126 3115 189 3203 γάρ
219 3119 285 3181 τῶν
308 3113 508 3199 Κλεωνύμου
535 3114 640 3199 μόνον
669 3107 940 3203 άμφισβητούσιν
969 3107 1055 3181 ἀλλὰ
1082 3119 1139 3185 καὶ

58 3222 125 3285 τῶν
148 3216 332 3305 πατρῴων,
361 3209 511 3306 ὀφείλειν
540 3214 599 3283 ἐπὶ
628 3216 760 3295 τούτοις
789 3211 904 3305 (ήμάς)
933 3215 1046 3306 ἐκείνῳ
1069 3218 1138 3308 φά-

59 3345 191 3397 σκοντες
214 3313 379 3407 ἀργύριον.
422 3322 479 3386 καὶ
501 3319 534 3386 οἱ
555 3319 616 3403 μὲν
638 3319 755 3388 οἰκεῖοι
776 3321 834 3386 καί
856 3321 889 3386 οἱ
909 3321 1172 3409 προσήκοντεςε

58 3422 131 3510 [ἐπὶ
152 3420 294 3507 τούτοις]
319 3421 353 3487 οἱ
371 3420 497 3487 τούτων
519 3414 670 3499 άξιούσιν
684 3417 773 3508 ήμᾶς
786 3424 843 3488 καὶ
865 3425 932 3490 τῶν
954 3420 1138 3508 ὁμολογου-

143 3628 153 3678 1
170 3627 232 3695 hyp.
266 3628 345 3678 λκαλ
362 3622 444 3677 τάεΑ
462 3655 495 3664 -
515 3629 530 3679 6
548 3621 708 3678 ἀποθανεῖν
720 3626 777 3680 εδδ,
790 3627 848 3679 ΑΙδ.
866 3655 901 3666 -
920 3630 949 3680 11
970 3628 1030 3691 post
1047 3623 1138 3696 λέγον·

58 3708 136 3760 τεεΑ
153 3709 233 3760 habet
245 3713 338 3777 φησίν,
356 3707 408 3761 Μελ
420 3714 501 3778 φασίε
519 3709 569 3762 del.
590 3709 693 3778 Sauppe
711 3739 743 3748 —
761 3707 1013 3778 μετεκαλέσαντοιλ
1030 3738 1064 3749 -
1081 3711 1138 3761 τοῖς

57 3794 173 3863 Sauppe:
192 3797 245 3846 καί.
314 3796 338 3847 1.
359 3798 374 3847 5
392 3788 590 3861 ἀκροασάμενοι
602 3794 625 3845 Α
636 3811 674 3862 pr.
696 3824 730 3834 —
747 3789 887 3846 οὐδέπω
898 3795 921 3845 Α
933 3811 979 3862 pr„
997 3810 1061 3847 corr.
1076 3798 1088 3845 1
1103 3822 1136 3830 -

55 3883 71 3931 7
91 3872 122 3929 ού
140 3878 167 3928 in
185 3892 234 3932 ras.
252 3880 267 3930 2
285 3879 335 3932 litt.
355 3879 399 3931 Α1
420 3907 452 3916 -
471 3881 486 3931 8
504 3872 571 3945 ήμᾶε
589 3877 646 3932 εδδ,
665 3878 726 3931 Nbr.
744 3880 814 3944 (post
831 3878 945 3946 ἐκείνῳ).
1009 3879 1037 3935 2.
1057 3880 1072 3930 2
1090 3878 1137 3927 ἐπὶ

54 3956 162 4016 τούτοιε
179 3961 229 4016 del.
247 3962 305 4016 Ald.
394 4016 405 4036 x

880 4046 910 4099 1*
