2550 4478
198 233 238 294 20
467 280 470 287 ,
683 234 791 289 ΙΣΑΙΟΥ
1210 247 1264 290 οιι

198 408 357 484 πεισθεὶς
381 403 438 490 ἐμὲ
461 403 646 491 ἐποιήσατο
669 402 752 489 υἱόν,
776 397 860 470 ἀλλὰ
883 403 1031 486 μάλιστα
1052 403 1115 486 μὲν
1135 399 1203 471 ἀπὸ
1218 407 1262 490 της

198 506 337 677 ἐρημίας
370 505 559 593 [ἐπείσθη],
594 504 745 592 δεύτερον
779 505 815 571 δὲ
849 503 906 572 διὰ
939 503 1000 582 τάς
1033 511 1263 627 προειρημένας

200 608 310 688 αἰτίας
337 611 392 675 καὶ
423 607 479 675 διὰ
509 605 567 694 τὴν
598 601 729 673 εὔνοιαν
756 605 815 693 τὴν
848 602 1064 728 δπάρχοοσαν
1099 605 1188 695 πρὸς
1219 605 1261 672 τὸν

199 715 330 797 πατέρα
352 709 411 778 τὸν
435 708 523 794 ἐμόν,
546 714 601 795 τρί
601 734 659 775 τον
683 708 718 775 δε
741 705 856 774 διὰ
821 734 858 775 το
882 706 926 796 μη
953 705 1039 775 εἶναι
1063 713 1201 797 συγγενῆ
1214 734 1261 794 μη-

199 807 266 880 δέν
294 808 394 880 ἀλλον
418 805 518 898 αὐτῷ,
541 806 674 878 ὁπόθεν
697 799 736 875 ἀν
760 807 944 897 ἐποιήσατο
966 810 1050 929 υἲάν.
1096 815 1202 878 ταῦτα
1219 836 1260 897 τη-

199 908 324 982 λικαῦτ’
358 909 512 999 (άντα)’
498 917 609 1000 ενημεν
640 911 696 996 ἐμὲ
726 910 958 998 ποιήσασθαι·
988 904 1074 979 ὥστε
1101 905 1139 978 03
1168 938 1260 999 παρα-

200 1020 333 1137 φρονῶν
365 1021 523 1104 φαίνεται
551 1007 627 1081 οὐδὲ
655 1017 696 1101 τῇ
723 1015 852 1099 γυναικὶ
880 1017 1056 1095 πεισθείς,
1085 1014 1115 1082 εἰ
1145 1015 1189 1102 μη
1213 1010 1260 1133 άρρ

197 1115 257 1205 τὴν
280 1115 419 1205 ἐρημίαν
443 1109 544 1182 αὐτοῦ
572 1117 627 1181 καὶ
656 1113 715 1202 τὴν
745 1113 910 1181 ἀπαιδίαν
940 1109 1035 1235 ηὗτος
1057 1114 1257 1201 βούλεται
1235 1141 1259 1181 το

148 1213 220 1279 21”
200 1243 307 1302 ονομα
329 1221 427 1284 τοῦτο
444 1215 718 1303 προσαγορεύειν.
730 1209 951 1334 ἡδέωςδ”’
929 1244 969 1283 αν
984 1217 1260 1301 μοιδοκώτοάτου

198 1324 379 1387 πυθέσθαι
407 1323 466 1386 τοῦ
495 1317 682 1407 φάσκοντος
710 1303 744 1382 εὗ
772 1331 976 1406 φρονεῖν,τ
957 1325 1033 1386 τίνα
1062 1315 1261 1408 ποιήσασθαι

198 1421 293 1511 ἐχρῆν
316 1415 411 1508 [άπὸ]
434 1423 501 1486 τῶν
525 1442 701 1506 ουγμενων;
730 1418 858 1507 πότερα
885 1418 945 1487 τὸν
967 1419 1041 1488 υἱὸν
1061 1420 1122 1488 τὸν
1143 1422 1263 1541 τούτοη;

199 1517 277 1590 ἀλλ’
312 1517 370 1591 οάνι
399 1512 499 1589 ἀν’
462 1525 553 1609 αυτηδ
576 1519 712 1603 ἐδωκεν,
737 1517 930 1601 άπαιδα“
892 1520 992 1589 αυτδν
1015 1523 1197 1603 καθιστάς
1219 1515 1265 1602 οάχ

199 1619 304 1706 οάτανς
333 1620 430 1703 οὗτός
458 1621 530 1691 ἐστι
560 1622 817 1712 φιλοχρήματος.
862 1616 1003 1690 ἀλλὰ
969 1649 1028 1691 τον
1049 1629 1109 1715 τῆς
1124 1619 1267 1746 άδείφης

197 1717 299 1817 ητὸν
321 1732 380 1816 της
403 1715 589 1813 άνεψιᾶςη
617 1723 675 1791 τὸν
704 1727 764 1791 τοῦ
792 1717 952 1810 ἀνεψιοῦ,·
981 1719 1066 1792 ἀλλὰ
1097 1726 1155 1816 τὴν
1178 1720 1267 1848 ἀρχην

147 1823 234 1894 22’
200 1856 258 1897 ουκ
265 1829 445 1949 ‚wrm
446 1821 535 1913 αὐτην
564 1819 673 1904 οὐδεὶς
700 1825 827 1892 τούτων
853 1829 919 1892 τῶν
943 1831 1117 1914 συγγενῶν.
1163 1821 1267 1896 οὐκοῦν

199 1923 274 2008 ἐ’ξ
257 1928 398 2017 ανάγκης
427 1915 466 2016 ην
497 1921 586 2012 αὕτην
617 1923 717 1993 ἀλλον
745 1926 821 1995 τινὰ
851 1927 1067 2015 ποιήσασθαι
1096 1931 1222 2013 μᾶλλον
1251 1952 1267 2048 η

200 2025 360 2096 άπαιδα
353 2032 551 2151 κηταμηράν,
581 2021 697 2115 ὥσπερ
727 2022 874 2107 οὗτοςα
853 2023 945 2107 ἀξιοῖ
966 2034 1034 2098 νυνὶ
1060 2025 1171 2099 αὐτόν.
1216 2028 1267 2116 ἐγώ

198 2139 311 2200 τοίνυν
339 2131 470 2209 πάντας
499 2121 779 2217 [ἀνθρώπους]
759 2157 799 2197 αν
828 2127 923 2214 οἶμαι
957 2127 1210 2258 δμρλογησαι“
1195 2135 1267 2218 υμᾶς

199 2230 246 2313 ιδς
269 2227 326 2301 οὐκ
350 2221 390 2299 ἀν
412 2232 642 2358 ποιησάμενος
665 2228 814 2300 ἄλλοτ’
781 2231 1031 2354 οικειάτερονρ
1003 2232 1108 2318 ἐμοῦ
1099 2227 1266 2322 ποιήσαιτ’

200 2331 249 2403 άν.
295 2334 436 2413 δειξάτω
458 2334 521 2422 γάρ
544 2328 640 2413 οὗτος
662 2331 749 2419 ὑμῖν.
795 2328 869 2400 ἀλλ’
897 2360 956 2401 ουκ
971 2330 1011 2401 ἀν
1026 2361 1113 2404 ποτε
1128 2337 1267 2404 δυναιτο

198 2423 238 2522 ἦν
260 2435 321 2524 γάρ
346 2430 455 2512 οὐδεὶς
478 2431 578 2514 ἀλλος
601 2435 755 2559 συγγενὴς
779 2430 869 2523 αὓτηῖ
892 2436 980 2525 πλὴν
1002 2437 1139 2507 τούτων.

148 2544 186 2602 23
285 2531 385 2603 Ἀλλὰ
409 2540 464 2602 νῦν
488 2530 585 2614 οὗτος
608 2534 773 2621 ἐπιτιμῶν
790 2531 877 2626 αάτιο
865 2543 1053 2628 φαίνεται
1073 2534 1131 2624 οὐχ
1146 2534 1200 2609 ὅτι
1221 2539 1267 2606 τὸν

199 2635 272 2704 αιδν
288 2630 346 2704 οάκ
361 2635 595 2725 ἐποιήσατο
560 2663 618 2704 τον
635 2634 745 2720 αὑτοῦ,
764 2632 877 2705 33³⁰
858 2666 910 2707 οτι
925 2640 962 2707 τδ
980 2642 1146 2732 παράπαν
1161 2641 1267 2728 ἐποιή-

200 2761 281 2806 σατο
304 2731 418 2805 ταδ’
384 2764 441 2806 ουκ
463 2736 716 2828 ἐτελεύτησεν
694 2766 814 2823 απαις,
844 2737 935 2809 τοῦτ)
968 2744 1058 2812 ἐστιν
1084 2743 1103 2810 3
1127 2742 1267 2830 ἐπιτιμᾷ

200 2838 393 2931 ἐπίφθονον
416 2847 555 2931 πρᾶγμα
570 2845 624 2910 καὶ
642 2868 679 2910 ου
667 2835 731 2911 δί
718 2848 825 2911 ίκαιον
840 2847 967 2911 ποιῶν·
985 2842 1089 2913 άντων
1103 2843 1165 2933 γάρ
1190 2839 1267 2929 αὓτη

199 2944 333 3013 παίδων
357 2943 470 3033 ἐκείνῳ
494 2940 567 3014 άντι
590 2941 713 3013 άπαιδι
734 2946 789 3012 καὶ
820 2939 992 3028 ἀτυχοῦντι
1022 2953 1181 3037 φαίνεται
1204 2947 1267 3014 ἐπι·

147 3056 186 3113 24
199 3050 315 3132 τιμῶν.
359 3049 415 3113 καὶ
437 3060 509 3125 τοῖς
531 3047 592 3131 μὲν
614 3043 729 3126 ἀλλοις
751 3040 880 3115 ἅπασιν
908 3042 1107 3133 ἀνθρώποις
1134 3052 1190 3117 καί
1205 3043 1267 3118 ⁰13·

201 3148 277 3234 λησι
299 3149 355 3213 καί
376 3148 560 3236 βαρβάροις
583 3148 673 3216 δοκεῖ
693 3150 802 3226 καλῶς
831 3143 928 3229 οὗτος
957 3146 974 3217 3
1006 3151 1109 3235 νόμος
1130 3158 1267 3228 κεῖσθαι,

200 3243 217 3312 3
241 3249 320 3333 περὶ
339 3250 398 3334 τῆς
412 3247 591 3334 ποιήσειας,
614 3251 669 3315 καὶ
686 3248 743 3315 διά
757 3253 855 3317 τοῦτο
870 3255 1015 3338 χρῶνται
1030 3252 1157 3332 πάντες
1173 3247 1267 3339 αάτηῖ·

267 3463 312 3520 20.
332 3469 347 3519 3
366 3466 487 3532 ἐπείσθη
499 3467 548 3522 del.
562 3468 639 3523 Schb.
658 3499 690 3508 -
710 3465 740 3521 δὲ
757 3470 842 3531 οω.0
862 3477 920 3524 ίεεί.
932 3471 984 3525 Mai
1002 3502 1035 3511 —
1053 3477 1069 3526 4
1088 3470 1187 3526 .”νοιαν
1199 3474 1220 3527 Α
1232 3487 1266 3540 pt.

200 3566 264 3603 corr.
280 3554 345 3602 1-
364 3554 387 3605 6.
402 3548 600 3617 Ίτηλινιαῦτ’”
586 3554 739 3609 ονταΒΙνι..
757 3556 961 3622 τηνικαῦτα-
980 3557 1147 3628 ἹίνῆγονΟ.
1201 3559 1243 3614 21
1263 3557 1267 3603 ί

200 3629 314 3689 δοκῶί.
329 3635 355 3689 G.
369 3633 459 3689 Orelli:
478 3638 616 3690 ποθῶ-
632 3639 805 3700 τοῦτοο-
823 3633 913 3696 333
931 3641 981 3695 del.
1000 3642 1111 3709 demea,
1125 3640 1267 3697 αὐτάνδίνι

199 3748 233 3758 -
251 3736 368 3792 ποτερον
386 3720 459 3781 3
478 3725 492 3775 5
511 3707 635 3774 ἐστίν
605 3739 681 3775 οντοε
699 3723 774 3784 Q
798 3729 811 3776 ί
831 3719 968 3778 ουδειε
937 3727 1012 3794 αυτῷ
1031 3727 1052 3788 Q
1070 3733 1132 3782 test.
1148 3727 1208 3782 Mai

199 3800 245 3857 22.
264 3805 548 3877 3νιιιτηγορεῖνο-
557 3802 768 3877 4ἆνθρωπουε
786 3809 836 3865 del.
854 3809 960 3864 Bk.-
927 3808 1158 3879 -531003'332’
1173 3812 1267 3864 Dbr.

199 3885 290 4033 Ξὸγαέρ
315 3904 364 3942 om.
383 3887 404 3950 Q
422 3919 456 3929 —
473 3885 550 3958 αὐτῷ
568 3909 620 3942 νυν
638 3889 667 3951 0.
737 3891 782 3949 28.
801 3900 816 3948 5
835 3890 965 3948 αἴτιονδι’
949 3914 1010 3949 οντι
1027 3895 1056 3957 0.
1136 3896 1181 3952 24.
1201 3901 1215 3950 2
1232 3911 1267 3947 νο

232 3990 244 4026 ε
