2572 4476
114 229 154 290 26
597 230 705 284 {mor
1122 248 1156 290 or.
1169 248 1186 288 ν.

111 400 279 489 μάρτυρος
301 407 446 469 τουτουί.
492 394 651 490 ἀπέφηνα
674 393 706 466 δ’
739 397 816 485 ὑμῖν
844 400 1062 489 πρῶτονμὲν
1090 424 1188 487 ποιη-

19 557 36 589 ,
111 507 217 569 θέντα
240 501 382 588 έμουτδν
404 499 472 571 δπδ
495 506 555 570 τοῦ
576 504 786 581 Μενεκλέους
808 498 854 581 ὥς
870 497 911 569 όν
925 527 977 581 τις
993 500 1189 568 δικαιότατα

111 610 285 695 ποιηθείη,
308 609 364 673 καί
388 598 426 673 οὗ
449 603 537 692 λόγῳ
559 597 636 673 οὐδὲ
659 603 804 692 διαθήκη
826 603 886 692 τήν
905 610 1046 692 ποίησιν
1060 627 1190 691 γεγεννη-

60 717 98 774 45
112 711 223 796 μένην,
248 701 321 774 ἀλλ’
348 709 450 798 ἐ’ργην·
472 710 529 774 καὶ
549 705 677 774 τούτων
697 701 776 789 ὑμῖν
797 704 875 784 τούς
896 731 933 772 τε
951 704 1123 794 φράτερας
1137 709 1190 772 καὶ

111 807 189 888 τοὺς
211 809 358 899 δημότας
379 813 433 878 καί
461 807 539 886 τοδς
566 801 733 895 όρμεώνας
760 807 975 896 παρεσχόμην
1002 805 1191 894 μάρτυρας·

111 914 167 978 καί
196 910 320 981 ἐκεῖνον
348 910 505 990 ἐπέδειξα
536 916 615 998 τρία
646 912 703 978 καί
736 909 861 977 ε’ίκοσιν
895 908 1093 995 ἐπιβιοῦντα
1125 909 1188 998 έτη.

112 1009 184 1080 εἶτα
206 1012 284 1089 τοὺς
306 1012 427 1096 νόμους
449 1010 605 1090 ἐπέδειξα
626 1007 705 1096 δμῖν
726 1025 799 1089 τοῖς
821 1007 945 1080 όπαισι
966 1015 1033 1078 τῶν
1053 1003 1190 1100 ἀνθρώ-

111 1138 186 1180 πων
208 1113 361 1193 ἐξουσίαν
391 1113 546 1191 διδόντας
577 1115 660 1191 υἱεῖς
692 1118 885 1181 ποιεῖσθαι.
934 1115 988 1179 καὶ
1024 1111 1073 1179 έτι
1103 1113 1191 1199 πρὸς

110 1214 241 1293 τούτοις
263 1209 369 1295 ζῶντά
390 1239 427 1282 τε
449 1221 616 1304 φαίνομαι
637 1213 839 1302 θεραπεύων
869 1208 970 1282 αὐτὸν
995 1216 1052 1280 καί
1077 1216 1190 1282 τελευ-

58 1316 257 1402 δδτήσαντα
279 1315 412 1403 θάψας.
457 1311 553 1396 οὗτος
582 1317 618 1383 δὲ
646 1317 717 1384 νυνί
745 1311 886 1406 ἄκληρον
913 1316 973 1400 μὲν
996 1314 1054 1401 ἐμὲ
1075 1331 1191 1385 ποιεῖν

107 1421 168 1485 τοῦ
196 1417 315 1506 κλήρου
338 1422 398 1486 τοῦ
428 1417 604 1507 πατρῴου,
635 1418 703 1486 εἴτε
730 1417 851 1503 μείζων
880 1416 971 1485 ἐστὶν
1000 1411 1096 1497 οὗτος
1120 1420 1190 1486 εἴτε

110 1518 264 1602 ἐλάττων,
289 1515 421 1588 δίπαιδα
444 1521 479 1588 δὲ
501 1518 559 1588 τὸν
579 1518 823 1609 τελευτήσαντα
844 1522 900 1587 καί
923 1513 1094 1604 ἇνώνυμον
1109 1522 1189 1605 βοό-

109 1624 202 1690 λεται
225 1626 441 1711 καταστῆσαι,
464 1623 520 1690 ἵνα
541 1622 624 1712 μήτε
638 1622 680 1691 τὰ
698 1620 770 1712 ίερδι
785 1621 827 1688 τὰ
842 1625 986 1710 πατρῴα
1000 1617 1086 1710 ὑπὲρ
1100 1620 1186 1688 έκεῖ-

110 1750 166 1791 νου
188 1725 306 1814 μηδείς
326 1729 409 1813 τιμᾷ
430 1719 509 1813 μήτ’
535 1722 664 1848 έναμίζη
688 1718 778 1812 αὐτῷ
806 1717 888 1791 καθ’
915 1723 1053 1791 ἕκαστον
1076 1722 1186 1791 ἐνιαυ-

107 1826 176 1909 τόν,
200 1820 319 1893 ἀλλὰ
300 1840 497 1914 αφαιρεῖται
512 1825 572 1902 τὰς
586 1825 687 1911 τιμδις
700 1824 762 1904 τὰς
777 1822 957 1893 έκείνον·
942 1851 964 1892 α
956 1825 1188 1954 προνοηθεὶς

108 1922 324 2014 δΜενεκίής,
344 1925 457 2049 κύριος
471 1917 518 1993 (δν
532 1931 598 1993 τῶν
619 1925 749 2007 ἑαυτοῦ,
773 1925 1012 2046 ἐποιήσατο(
979 1926 1053 1994 υιδν
1067 1926 1185 2015 ἑαυτῷ,

56 2036 91 2094 A?
108 2026 165 2094 ἵνα
185 2026 312 2095 τούτων
335 2023 495 2096 ἁπάντων
522 2028 673 2116 τυγχάνῃ.
717 2013 829 2116 μή
791 2052 865 2110 ουν,
893 2015 920 2095 ὦ
950 2025 1081 2149 ἄνδρες,
1109 2056 1186 2098 πει-

108 2127 285 2208 σθέντεςί
267 2130 334 2199 υπδ
358 2129 485 2199 τούτων
508 2124 684 2221 ἀφέλησθέ
704 2155 769 2215 μου
791 2129 829 2198 τδ
853 2126 960 2216 ὄνομα
986 2136 1045 2220 τῆς
1067 2134 1186 2222 κληρο-

108 2231 278 2317 νομέας,
260 2259 277 2300 ο
302 2233 351 2304 έιι
373 2233 476 2320 μόνον
499 2232 619 2302 λοιπόν
643 2228 787 2311 έστιν,”
765 2259 885 2323 ακυρον
908 2232 1001 2300 δὲ
966 2260 1025 2322 την
1045 2241 1185 2325 ποίησιν

108 2327 210 2402 αὐτοῦ
236 2337 473 2426 καταστήσητε.
518 2329 592 2402 ἀλλ’
625 2333 740 2424 ἐπειδή
774 2334 813 2403 τδ
848 2339 986 2424 πρᾶγμα
1018 2335 1066 2414 είς
1099 2333 1187 2421 ὑμᾶς

108 2430 247 2524 ἀφῖκται
275 2441 332 2505 καί
353 2434 448 2522 ὑμεῖς
474 2432 582 2524 κόριοι
609 2437 779 2523 γεγόνατε,
807 2438 1003 2528 βοηθήσατε
1027 2441 1084 2504 καὶ
1105 2435 1186 2524 ἡμῖν

108 2539 163 2602 καὶ
185 2535 298 2624 ἐκείνην
320 2542 369 2624 τῷ
392 2536 426 2604 έν
448 2530 561 2604 Ἅιδου
584 2531 666 2617 όντι,
689 2539 746 2602 καὶ
767 2534 812 2623 μή
836 2539 1074 2624 περιίδητε-
1095 2541 1186 2623 πρὸς

105 2640 198 2705 θεῶν
225 2641 281 2705 καὶ
309 2637 479 2723 δαιμόνων
509 2637 629 2721 δέσμαι
659 2631 752 2720 ὑμῶν
785 2673 828 2685 -
860 2639 1185 2725 προπηλακισθέντα

107 2731 208 2806 αὐτὸν
229 2734 296 2807 δπδ
319 2739 460 2821 τούτων,
488 2731 574 2807 ἄλλα
601 2742 802 2827 μεμνημένοι
830 2739 891 2804 τοῦ
918 2736 1021 2822 νόμον
1042 2741 1097 2806 καὶ
1122 2747 1185 2810 τοῦ

106 2832 205 2930 ὅρκου
227 2840 265 2910 δν
280 2836 484 2930 Ιὀμωμόκατε
505 2844 562 2909 καὶ
583 2845 650 2908 τῶν
673 2839 852 2928 εἰρημένων
880 2833 966 2927 όπδρ
991 2840 1052 2905 τοῦ
1074 2841 1183 2928 πρόμ-

106 2969 221 3029 ματος,
243 2944 286 3012 τὰ
309 2946 422 3015 δίκαια
443 2948 500 3012 καὶ
523 2942 591 3029 [τὰ]
614 2937 731 3028 εόορκα
759 2937 843 3006 κατὰ
865 2939 943 3018 τοὺς
969 2940 1090 3025 νόμους
1112 2956 1184 3033 ψη·

107 3052 270 3134 φίσασθε.

175 3254 199 3303 3.
211 3254 228 3304 4
245 3250 364 3318 ίμαυτδν
375 3251 532 3318 ποιηθέντα
544 3250 564 3311 0
578 3279 611 3290 -
624 3254 639 3303 5
652 3247 773 3315 ποιηθήι
786 3248 834 3301 em.
848 3246 895 3300 Bk
908 3276 942 3287 -
952 3248 1134 3320 γενομένηνῡ
1148 3279 1183 3290 -

106 3337 122 3388 6
139 3328 201 3386 ἀλλ’
214 3337 287 3406 ῖργῳ
299 3339 359 3388 καῖε
370 3333 423 3402 τὴν
432 3352 461 3388 π.
475 3335 566 3391 collon.
579 3335 609 3397 Q.
661 3333 707 3389 45.
720 3338 735 3386 3
749 3329 895 3401 ίπιβιόντα
904 3332 1031 3400 Βειυῑνετς
1043 3362 1076 3372 -
1088 3337 1104 3387 4
1116 3327 1183 3401 ὑμῖν

105 3415 167 3471 τοδε
183 3411 271 3472 ἅπασι
282 3423 339 3472 τοῖε
354 3414 530 3491 ἆνθροίποιεε
549 3436 598 3473 em.
609 3406 671 3471 δέω.
739 3417 786 3473 46.
806 3421 817 3471 1
839 3419 943 3480 ποιοῖο
962 3447 996 3457 -—
1011 3416 1093 3471 ῖιῖ..
1111 3421 1182 3482 (ante

104 3505 217 3571 μείζων)
235 3504 257 3556 A
275 3520 322 3573 pr„
344 3503 399 3556 εἴτε
416 3519 480 3557 corr.
502 3508 512 3557 1
539 3534 573 3544 -
590 3506 614 3558 2.
633 3506 649 3557 3
666 3502 707 3556 εῖτ
713 3541 773 3557 .....
792 3499 902 3556 mnam
918 3504 940 3556 A
959 3519 1006 3570 pn,
1024 3518 1088 3556 οοπ.
1110 3507 1119 3554 1
1148 3533 1184 3542 -

106 3591 121 3640 5
138 3583 204 3656 μήτ’
223 3589 320 3641 Bremi:
337 3582 403 3656 μήδ’
422 3615 455 3627 -
473 3583 558 3640 αδτδν
574 3587 597 3640 A
615 3604 662 3656 pr„
680 3596 743 3642 co'rr.
765 3592 776 3642 1
796 3617 830 3628 -
847 3591 863 3643 6
881 3583 929 3641 τδε
947 3583 1026 3654 τιμὰς
1038 3600 1088 3638 om.
1106 3584 1127 3646 Q
1147 3617 1182 3627 -

105 3669 215 3726 τᾶείιω
234 3673 262 3726 st.
279 3667 380 3726 ταόταε
397 3673 434 3723 ίκ.
502 3669 544 3727 47.
564 3675 578 3724 2
596 3673 742 3742 μουεμεῦ
761 3703 796 3713 -
814 3675 829 3727 3
848 3674 924 3726 ἐστιν
941 3670 1083 3740 Tyrwhitt:
1101 3672 1182 3725 ῖσται

106 3787 138 3796 -
159 3760 176 3810 4
193 3751 411 3823 καταστήσησθε
431 3784 461 3793 -
481 3759 496 3808 δ
514 3759 559 3807 καί
571 3763 631 3825 post
648 3754 810 3826 βοηθήσατε
827 3756 912 3817 om.0
938 3785 971 3794 -
993 3751 1181 3822 ήμῒνείμαίίὶ

105 3869 138 3882 --
157 3839 282 3895 8τῶντι
293 3835 420 3909 νδμακνΟ
439 3868 472 3878 -
490 3841 505 3892 9
523 3839 674 3912 εἰρημένων
685 3836 755 3912 δπδρ
766 3840 825 3894 τοῖα
844 3841 998 3910 ίηρημίνων
1011 3833 1049 3891 δι’
1060 3833 1181 3902 αὐτοῦς)

105 3956 139 3966 -
159 3928 190 3979 10
207 3922 241 3979 τὰ
259 3941 309 3979 om.
327 3926 349 3978 A
367 3942 414 3994 pr„
432 3941 453 3978 ε.
465 3938 490 3980 v.
508 3926 565 3980 add.
580 3929 606 3979 1:
625 3926 675 3979 del.
693 3925 756 3979 Gob.

541 4047 745 4058 ---—--
