<?xml version="1.0" encoding="UTF-8"?>
<!DOCTYPE html PUBLIC "-//W3C//DTD XHTML 1.0 Transitional//EN"
    "http://www.w3.org/TR/xhtml1/DTD/xhtml1-transitional.dtd">
<html xmlns="http://www.w3.org/1999/xhtml" xml:lang="en" lang="en">
 <head>
  <title>
</title>
<meta http-equiv="Content-Type" content="text/html;charset=utf-8" />
  <meta name='ocr-system' content='tesseract 3.04.00' />
  <meta name='ocr-capabilities' content='ocr_page ocr_carea ocr_par ocr_line ocrx_word'/>
</head>
<body>
  <div class='ocr_page' id='page_1' title='image "./isaeiorationesc01buergoog_0146.png"; bbox 0 0 2572 4476; ppageno 0'>
   <div class='ocr_carea' id='block_1_1' title="bbox 62 261 1145 331">
    <p class='ocr_par' dir='ltr' id='par_1_1' title="bbox 62 261 1145 331">
     <span class='ocr_line' id='line_1_1' title="bbox 62 261 1145 331; baseline 0.01 -19"><span class='ocrx_word' id='word_1_1' title='bbox 62 291 77 331; x_wconf 60' lang='grc' dir='ltr'>Ι</span> <span class='ocrx_word' id='word_1_2' title='bbox 93 278 128 321; x_wconf 74' lang='lat'><strong><em>⁸2.</em></strong></span> <span class='ocrx_word' id='word_1_3' title='bbox 346 261 422 316; x_wconf 87' lang='grc' dir='ltr'><strong>ΠΕΡΙ</strong></span> <span class='ocrx_word' id='word_1_4' title='bbox 439 263 504 317; x_wconf 82' lang='grc' dir='ltr'><strong><em>ΤΟΥ</em></strong></span> <span class='ocrx_word' id='word_1_5' title='bbox 519 263 720 318; x_wconf 79' lang='grc' dir='ltr'><strong><em>λΡΙΣΤλΡΧΟΥ</em></strong></span> <span class='ocrx_word' id='word_1_6' title='bbox 736 262 874 319; x_wconf 82' lang='grc' dir='ltr'><strong><em>ΚΔΗΡΟΥ.</em></strong></span> <span class='ocrx_word' id='word_1_7' title='bbox 1085 261 1145 323; x_wconf 82' lang='grc'><strong><em>123</em></strong></span> 
     </span>
    </p>
   </div>
   <div class='ocr_carea' id='block_1_2' title="bbox 21 424 1196 3992">
    <p class='ocr_par' dir='ltr' id='par_1_2' title="bbox 57 424 1146 621">
     <span class='ocr_line' id='line_1_2' title="bbox 60 424 1146 554; baseline 0.004 -56"><span class='ocrx_word' id='word_1_8' title='bbox 60 424 155 498; x_wconf 71' lang='grc' dir='ltr'><strong><em>οὗτοι</em></strong></span> <span class='ocrx_word' id='word_1_9' title='bbox 171 429 213 497; x_wconf 80' lang='grc' dir='ltr'><strong><em>δὲ</em></strong></span> <span class='ocrx_word' id='word_1_10' title='bbox 208 432 548 554; x_wconf 82' lang='grc' dir='ltr'><strong><em>φιλοχρηματοῦντες</em></strong></span> <span class='ocrx_word' id='word_1_11' title='bbox 558 435 613 499; x_wconf 86' lang='grc' dir='ltr'><strong><em>καλ</em></strong></span> <span class='ocrx_word' id='word_1_12' title='bbox 629 431 754 522; x_wconf 83' lang='grc' dir='ltr'><strong><em>ἐκείνην</em></strong></span> <span class='ocrx_word' id='word_1_13' title='bbox 766 425 1029 521; x_wconf 78' lang='grc' dir='ltr'><strong><em>ἀποστεροῦντες</em></strong></span> <span class='ocrx_word' id='word_1_14' title='bbox 1041 439 1146 502; x_wconf 79' lang='grc' dir='ltr'><strong><em>ταῦτα</em></strong></span> 
     </span>
     <span class='ocr_line' id='line_1_3' title="bbox 57 529 894 651; baseline -0.001 -52"><span class='ocrx_word' id='word_1_15' title='bbox 57 532 176 600; x_wconf 86' lang='grc' dir='ltr'><strong><em>πάντα</em></strong></span> <span class='ocrx_word' id='word_1_16' title='bbox 202 529 461 651; x_wconf 74' lang='grc' dir='ltr'><strong><em>ἐμηχανήσαντο.</em></strong></span> <span class='ocrx_word' id='word_1_17' title='bbox 891 594 894 598; x_wconf 90' lang='grc'><strong><em>,</em></strong></span> 
     </span>
    </p>

    <p class='ocr_par' dir='ltr' id='par_1_3' title="bbox 21 618 1196 3572">
     <span class='ocr_line' id='line_1_4' title="bbox 136 618 1196 724; baseline 0.006 -22.069"><span class='ocrx_word' id='word_1_18' title='bbox 136 618 303 711; x_wconf 73' lang='grc' dir='ltr'><strong><em>Ἴσως</em></strong></span> <span class='ocrx_word' id='word_1_19' title='bbox 266 658 324 700; x_wconf 91' lang='grc' dir='ltr'><strong><em>ουν</em></strong></span> <span class='ocrx_word' id='word_1_20' title='bbox 345 628 415 718; x_wconf 85' lang='grc' dir='ltr'><strong><em>(άν)</em></strong></span> <span class='ocrx_word' id='word_1_21' title='bbox 437 659 499 720; x_wconf 92' lang='grc' dir='ltr'><strong><em>τις,</em></strong></span> <span class='ocrx_word' id='word_1_22' title='bbox 522 662 548 700; x_wconf 89' lang='grc' dir='ltr'>ω</span> <span class='ocrx_word' id='word_1_23' title='bbox 534 621 697 723; x_wconf 86' lang='grc' dir='ltr'><strong><em>άνδρες,</em></strong></span> <span class='ocrx_word' id='word_1_24' title='bbox 720 633 778 702; x_wconf 86' lang='grc' dir='ltr'><strong><em>τὸν</em></strong></span> <span class='ocrx_word' id='word_1_25' title='bbox 798 635 916 724; x_wconf 91' lang='grc' dir='ltr'><strong><em>χρόνον</em></strong></span> <span class='ocrx_word' id='word_1_26' title='bbox 942 631 1034 719; x_wconf 80' lang='grc' dir='ltr'><strong><em>υμῶν</em></strong></span> <span class='ocrx_word' id='word_1_27' title='bbox 1056 642 1144 704; x_wconf 89' lang='grc' dir='ltr'><strong><em>θαυ·</em></strong></span> <span class='ocrx_word' id='word_1_28' title='bbox 1161 652 1196 708; x_wconf 83' lang='grc'><strong><em>18</em></strong></span> 
     </span>
     <span class='ocr_line' id='line_1_5' title="bbox 53 729 1145 859; baseline 0.001 -56"><span class='ocrx_word' id='word_1_29' title='bbox 53 736 193 821; x_wconf 87' lang='grc' dir='ltr'><strong><em>μάσειε,</em></strong></span> <span class='ocrx_word' id='word_1_30' title='bbox 218 758 295 813; x_wconf 88' lang='grc' dir='ltr'><strong><em>πως</em></strong></span> <span class='ocrx_word' id='word_1_31' title='bbox 316 759 401 802; x_wconf 88' lang='grc' dir='ltr'><strong><em>ποτε</em></strong></span> <span class='ocrx_word' id='word_1_32' title='bbox 423 729 585 803; x_wconf 62' lang='grc' dir='ltr'><strong><em>πολύνί</em></strong></span> <span class='ocrx_word' id='word_1_33' title='bbox 553 730 659 814; x_wconf 86' lang='grc' dir='ltr'><strong><em>οότως</em></strong></span> <span class='ocrx_word' id='word_1_34' title='bbox 682 735 841 822; x_wconf 83' lang='grc' dir='ltr'><strong><em>εἰάσαμεν</em></strong></span> <span class='ocrx_word' id='word_1_35' title='bbox 859 730 957 804; x_wconf 79' lang='grc' dir='ltr'><strong><em>καλ’</em></strong></span> <span class='ocrx_word' id='word_1_36' title='bbox 939 739 1145 859; x_wconf 75' lang='grc' dir='ltr'><strong><em>αποστερού-</em></strong></span> 
     </span>
     <span class='ocr_line' id='line_1_6' title="bbox 53 822 1144 927; baseline 0 -21"><span class='ocrx_word' id='word_1_37' title='bbox 53 863 154 922; x_wconf 89' lang='grc' dir='ltr'><strong><em>μενοι</em></strong></span> <span class='ocrx_word' id='word_1_38' title='bbox 190 829 252 903; x_wconf 84' lang='grc' dir='ltr'><strong><em>ούκ</em></strong></span> <span class='ocrx_word' id='word_1_39' title='bbox 279 822 360 923; x_wconf 77' lang='grc' dir='ltr'><strong><em>ᾖμεν</em></strong></span> <span class='ocrx_word' id='word_1_40' title='bbox 389 829 446 903; x_wconf 75' lang='grc' dir='ltr'><strong><em>ἐπ’</em></strong></span> <span class='ocrx_word' id='word_1_41' title='bbox 479 831 577 919; x_wconf 84' lang='grc' dir='ltr'><strong><em>αύτά,</em></strong></span> <span class='ocrx_word' id='word_1_42' title='bbox 608 831 694 903; x_wconf 87' lang='grc' dir='ltr'><strong><em>άλλά</em></strong></span> <span class='ocrx_word' id='word_1_43' title='bbox 723 841 792 905; x_wconf 81' lang='grc' dir='ltr'><strong><em>νυνὶ</em></strong></span> <span class='ocrx_word' id='word_1_44' title='bbox 823 841 902 927; x_wconf 83' lang='grc' dir='ltr'><strong><em>περὶ</em></strong></span> <span class='ocrx_word' id='word_1_45' title='bbox 932 832 1039 905; x_wconf 84' lang='grc' dir='ltr'><strong><em>αύτιῦν</em></strong></span> <span class='ocrx_word' id='word_1_46' title='bbox 1066 838 1144 917; x_wconf 80' lang='grc' dir='ltr'><strong><em>τοὺς</em></strong></span> 
     </span>
     <span class='ocr_line' id='line_1_7' title="bbox 52 934 1144 1026; baseline 0.001 -19"><span class='ocrx_word' id='word_1_47' title='bbox 52 940 181 1026; x_wconf 79' lang='grc' dir='ltr'><strong><em>λόγους</em></strong></span> <span class='ocrx_word' id='word_1_48' title='bbox 214 937 420 1022; x_wconf 78' lang='grc' dir='ltr'><strong><em>ποιούμεθα.</em></strong></span> <span class='ocrx_word' id='word_1_49' title='bbox 466 937 527 1026; x_wconf 77' lang='grc' dir='ltr'><strong><em>ἐγώ</em></strong></span> <span class='ocrx_word' id='word_1_50' title='bbox 559 939 594 1005; x_wconf 76' lang='grc' dir='ltr'><strong><em>δὲ</em></strong></span> <span class='ocrx_word' id='word_1_51' title='bbox 623 935 717 1024; x_wconf 74' lang='grc' dir='ltr'><strong><em>οἶμαι</em></strong></span> <span class='ocrx_word' id='word_1_52' title='bbox 732 941 805 1025; x_wconf 80' lang='grc' dir='ltr'><strong><em>μὲν</em></strong></span> <span class='ocrx_word' id='word_1_53' title='bbox 834 934 871 1006; x_wconf 84' lang='grc' dir='ltr'><strong><em>ού</em></strong></span> <span class='ocrx_word' id='word_1_54' title='bbox 902 941 1029 1008; x_wconf 84' lang='grc' dir='ltr'><strong><em>δίκαιον</em></strong></span> <span class='ocrx_word' id='word_1_55' title='bbox 1058 937 1144 1008; x_wconf 75' lang='grc' dir='ltr'><strong><em>εἶναι</em></strong></span> 
     </span>
     <span class='ocr_line' id='line_1_8' title="bbox 53 1032 1142 1132; baseline 0.001 -24"><span class='ocrx_word' id='word_1_56' title='bbox 53 1038 112 1109; x_wconf 83' lang='grc' dir='ltr'><strong><em>διὰ</em></strong></span> <span class='ocrx_word' id='word_1_57' title='bbox 137 1043 247 1107; x_wconf 85' lang='grc' dir='ltr'><strong><em>τοῦτο</em></strong></span> <span class='ocrx_word' id='word_1_58' title='bbox 270 1039 447 1107; x_wconf 76' lang='grc' dir='ltr'><strong><em>έλαττον”</em></strong></span> <span class='ocrx_word' id='word_1_59' title='bbox 429 1064 523 1122; x_wconf 88' lang='grc' dir='ltr'><strong><em>εχειν,</em></strong></span> <span class='ocrx_word' id='word_1_60' title='bbox 553 1043 584 1106; x_wconf 94' lang='grc' dir='ltr'><strong><em>ει</em></strong></span> <span class='ocrx_word' id='word_1_61' title='bbox 605 1066 691 1126; x_wconf 74' lang='grc' dir='ltr'><strong><em>τιςμ</em></strong></span> <span class='ocrx_word' id='word_1_62' title='bbox 677 1041 722 1129; x_wconf 81' lang='grc' dir='ltr'><strong><em>μὴ</em></strong></span> <span class='ocrx_word' id='word_1_63' title='bbox 747 1032 939 1132; x_wconf 51' lang='grc' dir='ltr'><strong><em>έδυνήθηῖ</em></strong></span> <span class='ocrx_word' id='word_1_64' title='bbox 917 1069 937 1107; x_wconf 78' lang='grc' dir='ltr'><strong><em>ν</em></strong></span> <span class='ocrx_word' id='word_1_65' title='bbox 960 1045 1142 1131; x_wconf 87' lang='grc' dir='ltr'><strong><em>κατημέλη-</em></strong></span> 
     </span>
     <span class='ocr_line' id='line_1_9' title="bbox 43 1134 1143 1264; baseline 0.001 -53"><span class='ocrx_word' id='word_1_66' title='bbox 43 1165 184 1211; x_wconf 55' lang='grc' dir='ltr'><strong><em>ισεν-</em></strong></span> <span class='ocrx_word' id='word_1_67' title='bbox 209 1134 251 1259; x_wconf 51' lang='grc' dir='ltr'><strong><em>οἱ)</em></strong></span> <span class='ocrx_word' id='word_1_68' title='bbox 277 1140 339 1264; x_wconf 68' lang='grc' dir='ltr'><strong><em>γάρ</em></strong></span> <span class='ocrx_word' id='word_1_69' title='bbox 360 1140 459 1208; x_wconf 82' lang='grc' dir='ltr'><strong><em>τοῦτό</em></strong></span> <span class='ocrx_word' id='word_1_70' title='bbox 489 1140 560 1208; x_wconf 78' lang='grc' dir='ltr'><strong><em>ἐστι</em></strong></span> <span class='ocrx_word' id='word_1_71' title='bbox 582 1148 752 1226; x_wconf 75' lang='grc' dir='ltr'><strong><em>σκεπτέον,</em></strong></span> <span class='ocrx_word' id='word_1_72' title='bbox 783 1137 867 1211; x_wconf 86' lang='grc' dir='ltr'><strong><em>άλλά</em></strong></span> <span class='ocrx_word' id='word_1_73' title='bbox 890 1143 927 1211; x_wconf 83' lang='grc' dir='ltr'><strong><em>τό</em></strong></span> <span class='ocrx_word' id='word_1_74' title='bbox 952 1149 1090 1232; x_wconf 83' lang='grc' dir='ltr'><strong><em>πρᾶγμα</em></strong></span> <span class='ocrx_word' id='word_1_75' title='bbox 1113 1146 1143 1212; x_wconf 83' lang='grc' dir='ltr'><strong><em>εἷ</em></strong></span> 
     </span>
     <span class='ocr_line' id='line_1_10' title="bbox 50 1232 1143 1364; baseline 0.002 -51"><span class='ocrx_word' id='word_1_76' title='bbox 50 1232 245 1313; x_wconf 77' lang='grc' dir='ltr'><strong><em>δίκαιον</em></strong></span> <span class='ocrx_word' id='word_1_77' title='bbox 223 1269 245 1330; x_wconf 89' lang='grc' dir='ltr'><strong><em>η</em></strong></span> <span class='ocrx_word' id='word_1_78' title='bbox 274 1243 388 1364; x_wconf 83' lang='grc' dir='ltr'><strong><em>μή-</em></strong></span> <span class='ocrx_word' id='word_1_79' title='bbox 398 1236 528 1327; x_wconf 77' lang='grc' dir='ltr'><strong><em>’ὅμως</em></strong></span> <span class='ocrx_word' id='word_1_80' title='bbox 555 1248 670 1328; x_wconf 89' lang='grc' dir='ltr'><strong><em>μέντοι</em></strong></span> <span class='ocrx_word' id='word_1_81' title='bbox 691 1248 849 1334; x_wconf 77' lang='grc' dir='ltr'><strong><em>καὶπερὶ</em></strong></span> <span class='ocrx_word' id='word_1_82' title='bbox 877 1246 1004 1315; x_wconf 86' lang='grc' dir='ltr'><strong><em>τούτων</em></strong></span> <span class='ocrx_word' id='word_1_83' title='bbox 1035 1248 1143 1316; x_wconf 87' lang='grc' dir='ltr'><strong><em>αι’τιον</em></strong></span> 
     </span>
     <span class='ocr_line' id='line_1_11' title="bbox 51 1330 1195 1470; baseline 0.003 -56"><span class='ocrx_word' id='word_1_84' title='bbox 51 1343 215 1415; x_wconf 78' lang='grc' dir='ltr'><strong><em>ελπεῖν”</em></strong></span> <span class='ocrx_word' id='word_1_85' title='bbox 196 1368 322 1428; x_wconf 83' lang='grc' dir='ltr'><strong><em>εχομεν,</em></strong></span> <span class='ocrx_word' id='word_1_86' title='bbox 345 1371 372 1410; x_wconf 88' lang='grc' dir='ltr'>ω</span> <span class='ocrx_word' id='word_1_87' title='bbox 358 1330 522 1432; x_wconf 84' lang='grc' dir='ltr'><strong><em>άνδρες.</em></strong></span> <span class='ocrx_word' id='word_1_88' title='bbox 559 1341 663 1434; x_wconf 81' lang='grc' dir='ltr'><strong><em>ὁγὰρ</em></strong></span> <span class='ocrx_word' id='word_1_89' title='bbox 686 1347 798 1470; x_wconf 80' lang='grc' dir='ltr'><strong><em>πατὴρ</em></strong></span> <span class='ocrx_word' id='word_1_90' title='bbox 821 1345 924 1433; x_wconf 79' lang='grc' dir='ltr'><strong><em>οὑμὸς</em></strong></span> <span class='ocrx_word' id='word_1_91' title='bbox 946 1348 1003 1416; x_wconf 82' lang='grc' dir='ltr'><strong><em>έπλ</em></strong></span> <span class='ocrx_word' id='word_1_92' title='bbox 1026 1353 1140 1438; x_wconf 81' lang='grc' dir='ltr'><strong><em>προικὶ</em></strong></span> <span class='ocrx_word' id='word_1_93' title='bbox 1159 1363 1195 1419; x_wconf 75' lang='lat'><strong><em>1⁹</em></strong></span> 
     </span>
     <span class='ocr_line' id='line_1_12' title="bbox 52 1443 1143 1573; baseline 0 -57"><span class='ocrx_word' id='word_1_94' title='bbox 52 1446 307 1573; x_wconf 77' lang='grc' dir='ltr'><strong><em>ἐγγυησάμενος</em></strong></span> <span class='ocrx_word' id='word_1_95' title='bbox 338 1443 398 1533; x_wconf 82' lang='grc' dir='ltr'><strong><em>τὴν</em></strong></span> <span class='ocrx_word' id='word_1_96' title='bbox 428 1444 508 1534; x_wconf 79' lang='grc' dir='ltr'><strong><em>ἐμὴν</em></strong></span> <span class='ocrx_word' id='word_1_97' title='bbox 537 1452 663 1537; x_wconf 89' lang='grc' dir='ltr'><strong><em>μητέρα</em></strong></span> <span class='ocrx_word' id='word_1_98' title='bbox 692 1449 846 1535; x_wconf 79' lang='grc' dir='ltr'><strong><em>συνῴκει,</em></strong></span> <span class='ocrx_word' id='word_1_99' title='bbox 875 1448 934 1515; x_wconf 88' lang='grc' dir='ltr'><strong><em>τδν</em></strong></span> <span class='ocrx_word' id='word_1_100' title='bbox 962 1451 997 1515; x_wconf 85' lang='grc' dir='ltr'><strong><em>δέ</em></strong></span> <span class='ocrx_word' id='word_1_101' title='bbox 1024 1452 1143 1567; x_wconf 79' lang='grc' dir='ltr'><strong><em>κλῆρον</em></strong></span> 
     </span>
     <span class='ocr_line' id='line_1_13' title="bbox 52 1541 1142 1638; baseline -0.001 -21"><span class='ocrx_word' id='word_1_102' title='bbox 52 1551 192 1620; x_wconf 84' lang='grc' dir='ltr'><strong><em>τούτων</em></strong></span> <span class='ocrx_word' id='word_1_103' title='bbox 220 1552 461 1637; x_wconf 78' lang='grc' dir='ltr'><strong><em>καρπουμένων</em></strong></span> <span class='ocrx_word' id='word_1_104' title='bbox 491 1541 548 1615; x_wconf 83' lang='grc' dir='ltr'><strong><em>ούκ</em></strong></span> <span class='ocrx_word' id='word_1_105' title='bbox 578 1546 663 1633; x_wconf 77' lang='grc' dir='ltr'><strong><em>εἶχεν</em></strong></span> <span class='ocrx_word' id='word_1_106' title='bbox 692 1544 787 1629; x_wconf 76' lang='grc' dir='ltr'><strong><em>ὅπως</em></strong></span> <span class='ocrx_word' id='word_1_107' title='bbox 817 1543 1105 1638; x_wconf 80' lang='grc' dir='ltr'><strong><em>εἰσπράξαιτο·</em></strong></span> <span class='ocrx_word' id='word_1_108' title='bbox 1086 1575 1142 1616; x_wconf 87' lang='grc' dir='ltr'><strong><em>οτε</em></strong></span> 
     </span>
     <span class='ocr_line' id='line_1_14' title="bbox 50 1643 1141 1742; baseline -0.003 -21"><span class='ocrx_word' id='word_1_109' title='bbox 50 1653 118 1742; x_wconf 82' lang='grc' dir='ltr'><strong><em>γὰρ</em></strong></span> <span class='ocrx_word' id='word_1_110' title='bbox 141 1654 230 1739; x_wconf 80' lang='grc' dir='ltr'><strong><em>περὶ</em></strong></span> <span class='ocrx_word' id='word_1_111' title='bbox 254 1643 356 1717; x_wconf 82' lang='grc' dir='ltr'><strong><em>αύτοῦ</em></strong></span> <span class='ocrx_word' id='word_1_112' title='bbox 379 1649 496 1736; x_wconf 79' lang='grc' dir='ltr'><strong><em>λόγους</em></strong></span> <span class='ocrx_word' id='word_1_113' title='bbox 518 1649 702 1739; x_wconf 76' lang='grc' dir='ltr'><strong><em>ἐποιήσατο</em></strong></span> <span class='ocrx_word' id='word_1_114' title='bbox 719 1656 777 1739; x_wconf 79' lang='grc' dir='ltr'><strong><em>τῆς</em></strong></span> <span class='ocrx_word' id='word_1_115' title='bbox 799 1651 923 1742; x_wconf 87' lang='grc' dir='ltr'><strong><em>μητρὸς</em></strong></span> <span class='ocrx_word' id='word_1_116' title='bbox 937 1651 1141 1741; x_wconf 78' lang='grc' dir='ltr'><strong><em>κελευούσης,</em></strong></span> 
     </span>
     <span class='ocr_line' id='line_1_15' title="bbox 51 1744 1142 1840; baseline -0.002 -17"><span class='ocrx_word' id='word_1_117' title='bbox 51 1749 151 1823; x_wconf 75' lang='grc' dir='ltr'><strong><em>οὗτοι</em></strong></span> <span class='ocrx_word' id='word_1_118' title='bbox 178 1756 286 1820; x_wconf 84' lang='grc' dir='ltr'><strong><em>ταῦτα</em></strong></span> <span class='ocrx_word' id='word_1_119' title='bbox 315 1744 405 1838; x_wconf 74' lang='grc' dir='ltr'><strong><em>αὐτῷ</em></strong></span> <span class='ocrx_word' id='word_1_120' title='bbox 433 1745 630 1840; x_wconf 82' lang='grc' dir='ltr'><strong><em>ἠπείλησαν,</em></strong></span> <span class='ocrx_word' id='word_1_121' title='bbox 661 1747 757 1821; x_wconf 83' lang='grc' dir='ltr'><strong><em>αὐτοὶ</em></strong></span> <span class='ocrx_word' id='word_1_122' title='bbox 779 1752 1056 1838; x_wconf 71' lang='grc' dir='ltr'><strong><em>ἐπιδικασάμενοι</em></strong></span> <span class='ocrx_word' id='word_1_123' title='bbox 1082 1747 1142 1820; x_wconf 87' lang='grc' dir='ltr'><strong><em>αύ-</em></strong></span> 
     </span>
     <span class='ocr_line' id='line_1_16' title="bbox 51 1849 1141 1971; baseline -0.001 -48"><span class='ocrx_word' id='word_1_124' title='bbox 51 1855 115 1946; x_wconf 75' lang='grc' dir='ltr'><strong><em>τὴν</em></strong></span> <span class='ocrx_word' id='word_1_125' title='bbox 140 1854 241 1937; x_wconf 77' lang='grc' dir='ltr'><strong><em>ἕξειν,</em></strong></span> <span class='ocrx_word' id='word_1_126' title='bbox 272 1851 367 1971; x_wconf 79' lang='grc' dir='ltr'><strong><em>εἰμὴ</em></strong></span> <span class='ocrx_word' id='word_1_127' title='bbox 396 1852 552 1937; x_wconf 79' lang='grc' dir='ltr'><strong><em>βούλοιτο</em></strong></span> <span class='ocrx_word' id='word_1_128' title='bbox 576 1849 676 1934; x_wconf 80' lang='grc' dir='ltr'><strong><em>αὐτὸς</em></strong></span> <span class='ocrx_word' id='word_1_129' title='bbox 699 1855 758 1922; x_wconf 85' lang='grc' dir='ltr'><strong><em>επὶ</em></strong></span> <span class='ocrx_word' id='word_1_130' title='bbox 779 1858 893 1944; x_wconf 81' lang='grc' dir='ltr'><strong><em>προικὶ</em></strong></span> <span class='ocrx_word' id='word_1_131' title='bbox 924 1855 1018 1939; x_wconf 79' lang='grc' dir='ltr'><strong><em>ἐ’χειν.</em></strong></span> <span class='ocrx_word' id='word_1_132' title='bbox 1063 1851 1141 1923; x_wconf 81' lang='grc' dir='ltr'><strong><em>ὁδὲ</em></strong></span> 
     </span>
     <span class='ocr_line' id='line_1_17' title="bbox 54 1948 1140 2076; baseline 0.001 -51"><span class='ocrx_word' id='word_1_133' title='bbox 54 1957 186 2046; x_wconf 83' lang='grc' dir='ltr'><strong><em>πατήρ,</em></strong></span> <span class='ocrx_word' id='word_1_134' title='bbox 210 1948 296 2023; x_wconf 76' lang='grc' dir='ltr'><strong><em>ὥστε</em></strong></span> <span class='ocrx_word' id='word_1_135' title='bbox 317 1959 376 2043; x_wconf 82' lang='grc' dir='ltr'><strong><em>τῆς</em></strong></span> <span class='ocrx_word' id='word_1_136' title='bbox 398 1954 532 2076; x_wconf 86' lang='grc' dir='ltr'><strong><em>μητρὸς</em></strong></span> <span class='ocrx_word' id='word_1_137' title='bbox 544 1954 588 2043; x_wconf 81' lang='grc' dir='ltr'><strong><em>μὴ</em></strong></span> <span class='ocrx_word' id='word_1_138' title='bbox 544 1961 827 2047; x_wconf 71' lang='grc' dir='ltr'><strong><em>μστερηθῆναι,</em></strong></span> <span class='ocrx_word' id='word_1_139' title='bbox 849 1961 905 2026; x_wconf 89' lang='grc' dir='ltr'><strong><em>καὶ</em></strong></span> <span class='ocrx_word' id='word_1_140' title='bbox 929 1958 980 2037; x_wconf 88' lang='grc' dir='ltr'><strong><em>δλς</em></strong></span> <span class='ocrx_word' id='word_1_141' title='bbox 994 1962 1140 2027; x_wconf 82' lang='grc' dir='ltr'><strong><em>τοσαῦτα</em></strong></span> 
     </span>
     <span class='ocr_line' id='line_1_18' title="bbox 54 2047 1192 2150; baseline 0.003 -23"><span class='ocrx_word' id='word_1_142' title='bbox 54 2060 214 2150; x_wconf 79' lang='grc' dir='ltr'><strong><em>χρήματα</em></strong></span> <span class='ocrx_word' id='word_1_143' title='bbox 237 2057 349 2126; x_wconf 84' lang='grc' dir='ltr'><strong><em>ε’ίασεν</em></strong></span> <span class='ocrx_word' id='word_1_144' title='bbox 372 2047 412 2124; x_wconf 78' lang='grc' dir='ltr'><strong><em>όν</em></strong></span> <span class='ocrx_word' id='word_1_145' title='bbox 436 2050 555 2135; x_wconf 80' lang='grc' dir='ltr'><strong><em>αύτούς</em></strong></span> <span class='ocrx_word' id='word_1_146' title='bbox 577 2064 804 2146; x_wconf 74' lang='grc' dir='ltr'><strong><em>καρποῦσθαι</em></strong></span> <span class='ocrx_word' id='word_1_147' title='bbox 848 2063 987 2127; x_wconf 83' lang='grc' dir='ltr'><strong><em>καὶτοῦ</em></strong></span> <span class='ocrx_word' id='word_1_148' title='bbox 1008 2059 1116 2144; x_wconf 82' lang='grc' dir='ltr'><strong><em>μὲν</em></strong></span> <span class='ocrx_word' id='word_1_149' title='bbox 1081 2086 1140 2127; x_wconf 89' lang='grc' dir='ltr'><strong><em>τον</em></strong></span> <span class='ocrx_word' id='word_1_150' title='bbox 1154 2073 1192 2130; x_wconf 70' lang='lat'><strong><em>2⁰</em></strong></span> 
     </span>
     <span class='ocr_line' id='line_1_19' title="bbox 55 2154 1137 2281; baseline -0.003 -51"><span class='ocrx_word' id='word_1_151' title='bbox 55 2167 197 2249; x_wconf 82' lang='grc' dir='ltr'><strong><em>πατέρα</em></strong></span> <span class='ocrx_word' id='word_1_152' title='bbox 217 2186 262 2248; x_wconf 92' lang='grc' dir='ltr'><strong><em>μη</em></strong></span> <span class='ocrx_word' id='word_1_153' title='bbox 250 2154 520 2281; x_wconf 37' lang='grc' dir='ltr'><strong><em>έπεξίελθεῑνί</em></strong></span> <span class='ocrx_word' id='word_1_154' title='bbox 502 2159 587 2247; x_wconf 81' lang='grc' dir='ltr'><strong><em>υπὲρ</em></strong></span> <span class='ocrx_word' id='word_1_155' title='bbox 609 2160 736 2228; x_wconf 89' lang='grc' dir='ltr'><strong><em>τούτων</em></strong></span> <span class='ocrx_word' id='word_1_156' title='bbox 750 2160 847 2228; x_wconf 83' lang='grc' dir='ltr'><strong><em>τοῦτό</em></strong></span> <span class='ocrx_word' id='word_1_157' title='bbox 865 2159 935 2228; x_wconf 76' lang='grc' dir='ltr'><strong><em>ἐστι</em></strong></span> <span class='ocrx_word' id='word_1_158' title='bbox 957 2161 994 2226; x_wconf 84' lang='grc' dir='ltr'><strong><em>τὸ</em></strong></span> <span class='ocrx_word' id='word_1_159' title='bbox 1012 2161 1137 2227; x_wconf 88' lang='grc' dir='ltr'><strong><em>αι’τιον·</em></strong></span> 
     </span>
     <span class='ocr_line' id='line_1_20' title="bbox 56 2256 1137 2350; baseline -0.005 -18"><span class='ocrx_word' id='word_1_160' title='bbox 56 2261 144 2350; x_wconf 81' lang='grc' dir='ltr'><strong><em>μετὰ</em></strong></span> <span class='ocrx_word' id='word_1_161' title='bbox 170 2262 333 2328; x_wconf 80' lang='grc' dir='ltr'><strong><em>δὲταῦτα</em></strong></span> <span class='ocrx_word' id='word_1_162' title='bbox 355 2256 619 2347; x_wconf 85' lang='grc' dir='ltr'><strong><em>δΚορινθιακδς</em></strong></span> <span class='ocrx_word' id='word_1_163' title='bbox 640 2261 789 2347; x_wconf 90' lang='grc' dir='ltr'><strong><em>πόλεμος</em></strong></span> <span class='ocrx_word' id='word_1_164' title='bbox 808 2259 982 2346; x_wconf 75' lang='grc' dir='ltr'><strong><em>έγένετο,’</em></strong></span> <span class='ocrx_word' id='word_1_165' title='bbox 968 2285 1002 2328; x_wconf 90' lang='grc' dir='ltr'><strong><em>εν</em></strong></span> <span class='ocrx_word' id='word_1_166' title='bbox 1024 2287 1050 2348; x_wconf 84' lang='grc' dir='ltr'>ῳ</span> <span class='ocrx_word' id='word_1_167' title='bbox 1038 2256 1137 2348; x_wconf 85' lang='grc' dir='ltr'><strong><em>έγώ</em></strong></span> 
     </span>
     <span class='ocr_line' id='line_1_21' title="bbox 55 2353 1137 2452; baseline -0.003 -18"><span class='ocrx_word' id='word_1_168' title='bbox 55 2360 213 2442; x_wconf 80' lang='grc' dir='ltr'><strong><em>κάκεῖνος</em></strong></span> <span class='ocrx_word' id='word_1_169' title='bbox 234 2362 480 2451; x_wconf 90' lang='grc' dir='ltr'><strong><em>στρατεύεσθαι</em></strong></span> <span class='ocrx_word' id='word_1_170' title='bbox 501 2357 773 2450; x_wconf 77' lang='grc' dir='ltr'><strong><em>ἠναγκαζόμεθα,</em></strong></span> <span class='ocrx_word' id='word_1_171' title='bbox 803 2355 889 2430; x_wconf 79' lang='grc' dir='ltr'><strong><em>ὥστε</em></strong></span> <span class='ocrx_word' id='word_1_172' title='bbox 911 2355 1074 2452; x_wconf 75' lang='grc' dir='ltr'><strong><em>οὐδετέρῳ</em></strong></span> <span class='ocrx_word' id='word_1_173' title='bbox 1097 2353 1137 2431; x_wconf 77' lang='grc' dir='ltr'><strong><em>δν</em></strong></span> 
     </span>
     <span class='ocr_line' id='line_1_22' title="bbox 55 2452 1138 2556; baseline -0.001 -22"><span class='ocrx_word' id='word_1_174' title='bbox 55 2464 154 2556; x_wconf 76' lang='grc' dir='ltr'><strong><em>ἡμῶν</em></strong></span> <span class='ocrx_word' id='word_1_175' title='bbox 184 2466 277 2554; x_wconf 83' lang='grc' dir='ltr'><strong><em>δίκην</em></strong></span> <span class='ocrx_word' id='word_1_176' title='bbox 306 2463 468 2550; x_wconf 74' lang='grc' dir='ltr'><strong><em>ἐξεγένετο</em></strong></span> <span class='ocrx_word' id='word_1_177' title='bbox 496 2465 621 2549; x_wconf 78' lang='grc' dir='ltr'><strong><em>λαβεῖν.</em></strong></span> <span class='ocrx_word' id='word_1_178' title='bbox 672 2463 802 2553; x_wconf 82' lang='grc' dir='ltr'><strong><em>εἰρήνης</em></strong></span> <span class='ocrx_word' id='word_1_179' title='bbox 829 2458 861 2530; x_wconf 74' lang='grc' dir='ltr'><strong><em>τ’</em></strong></span> <span class='ocrx_word' id='word_1_180' title='bbox 894 2452 934 2532; x_wconf 78' lang='grc' dir='ltr'><strong><em>αὗ</em></strong></span> <span class='ocrx_word' id='word_1_181' title='bbox 963 2471 1138 2555; x_wconf 90' lang='grc' dir='ltr'><strong><em>γενομένης</em></strong></span> 
     </span>
     <span class='ocr_line' id='line_1_23' title="bbox 58 2560 1137 2688; baseline -0.001 -51"><span class='ocrx_word' id='word_1_182' title='bbox 58 2568 135 2654; x_wconf 73' lang='grc' dir='ltr'><strong><em>ἐμοί</em></strong></span> <span class='ocrx_word' id='word_1_183' title='bbox 158 2593 195 2634; x_wconf 90' lang='grc' dir='ltr'><strong><em>τι</em></strong></span> <span class='ocrx_word' id='word_1_184' title='bbox 218 2560 366 2656; x_wconf 85' lang='grc' dir='ltr'><strong><em>άτύχημα</em></strong></span> <span class='ocrx_word' id='word_1_185' title='bbox 388 2564 475 2688; x_wconf 76' lang='grc' dir='ltr'><strong><em>πρδς</em></strong></span> <span class='ocrx_word' id='word_1_186' title='bbox 496 2564 533 2632; x_wconf 88' lang='grc' dir='ltr'><strong><em>τὸ</em></strong></span> <span class='ocrx_word' id='word_1_187' title='bbox 559 2566 720 2655; x_wconf 91' lang='grc' dir='ltr'><strong><em>δημόσιον</em></strong></span> <span class='ocrx_word' id='word_1_188' title='bbox 742 2572 870 2657; x_wconf 78' lang='grc' dir='ltr'><strong><em>συνέβη</em></strong></span> <span class='ocrx_word' id='word_1_189' title='bbox 901 2561 987 2636; x_wconf 82' lang='grc' dir='ltr'><strong><em>ὥστε</em></strong></span> <span class='ocrx_word' id='word_1_190' title='bbox 1008 2567 1052 2657; x_wconf 78' lang='grc' dir='ltr'><strong><em>μὴ</em></strong></span> <span class='ocrx_word' id='word_1_191' title='bbox 1077 2568 1137 2688; x_wconf 65' lang='grc' dir='ltr'><strong><em>ῥά·</em></strong></span> 
     </span>
     <span class='ocr_line' id='line_1_24' title="bbox 55 2663 1137 2759; baseline -0.003 -19"><span class='ocrx_word' id='word_1_192' title='bbox 55 2673 132 2740; x_wconf 87' lang='grc' dir='ltr'><strong><em>διον</em></strong></span> <span class='ocrx_word' id='word_1_193' title='bbox 164 2666 251 2737; x_wconf 83' lang='grc' dir='ltr'><strong><em>εἶναι</em></strong></span> <span class='ocrx_word' id='word_1_194' title='bbox 280 2667 367 2757; x_wconf 91' lang='grc' dir='ltr'><strong><em>πρὸς</em></strong></span> <span class='ocrx_word' id='word_1_195' title='bbox 394 2667 531 2746; x_wconf 88' lang='grc' dir='ltr'><strong><em>τούτους</em></strong></span> <span class='ocrx_word' id='word_1_196' title='bbox 560 2668 797 2756; x_wconf 84' lang='grc' dir='ltr'><strong><em>διαφέρεσθαι.</em></strong></span> <span class='ocrx_word' id='word_1_197' title='bbox 848 2663 934 2737; x_wconf 80' lang='grc' dir='ltr'><strong><em>ὥστε</em></strong></span> <span class='ocrx_word' id='word_1_198' title='bbox 957 2663 995 2737; x_wconf 85' lang='grc' dir='ltr'><strong><em>ού</em></strong></span> <span class='ocrx_word' id='word_1_199' title='bbox 1017 2669 1137 2759; x_wconf 88' lang='grc' dir='ltr'><strong><em>μικρὰς</em></strong></span> 
     </span>
     <span class='ocr_line' id='line_1_25' title="bbox 53 2764 1188 2859; baseline 0.001 -18"><span class='ocrx_word' id='word_1_200' title='bbox 53 2775 177 2859; x_wconf 69' lang='grc' dir='ltr'><strong><em>ἔχομεν</em></strong></span> <span class='ocrx_word' id='word_1_201' title='bbox 206 2771 317 2849; x_wconf 79' lang='grc' dir='ltr'><strong><em>αἰτίας</em></strong></span> <span class='ocrx_word' id='word_1_202' title='bbox 344 2773 424 2857; x_wconf 88' lang='grc' dir='ltr'><strong><em>περὶ</em></strong></span> <span class='ocrx_word' id='word_1_203' title='bbox 452 2774 510 2836; x_wconf 82' lang='grc' dir='ltr'><strong><em>τοῦ</em></strong></span> <span class='ocrx_word' id='word_1_204' title='bbox 539 2769 744 2858; x_wconf 87' lang='grc' dir='ltr'><strong><em>πράγματος.</em></strong></span> <span class='ocrx_word' id='word_1_205' title='bbox 795 2764 880 2837; x_wconf 87' lang='grc' dir='ltr'><strong><em>άλλὰ</em></strong></span> <span class='ocrx_word' id='word_1_206' title='bbox 910 2774 981 2838; x_wconf 83' lang='grc' dir='ltr'><strong><em>νυνὶ</em></strong></span> <span class='ocrx_word' id='word_1_207' title='bbox 1006 2772 1135 2839; x_wconf 81' lang='grc' dir='ltr'><strong><em>δίκαιον</em></strong></span> <span class='ocrx_word' id='word_1_208' title='bbox 1152 2785 1188 2842; x_wconf 76' lang='lat'><strong><em>21</em></strong></span> 
     </span>
     <span class='ocr_line' id='line_1_26' title="bbox 56 2858 1135 2957; baseline -0.006 -13"><span class='ocrx_word' id='word_1_209' title='bbox 56 2876 171 2944; x_wconf 82' lang='grc' dir='ltr'><strong><em>εἰπεῖν</em></strong></span> <span class='ocrx_word' id='word_1_210' title='bbox 187 2872 287 2953; x_wconf 76' lang='grc' dir='ltr'><strong><em>ἐστιν,</em></strong></span> <span class='ocrx_word' id='word_1_211' title='bbox 310 2898 336 2937; x_wconf 83' lang='grc' dir='ltr'><strong><em>ιο</em></strong></span> <span class='ocrx_word' id='word_1_212' title='bbox 323 2858 480 2957; x_wconf 91' lang='grc' dir='ltr'><strong><em>ανδρες,</em></strong></span> <span class='ocrx_word' id='word_1_213' title='bbox 503 2898 522 2936; x_wconf 89' lang='grc' dir='ltr'><strong><em>τ</em></strong></span> <span class='ocrx_word' id='word_1_214' title='bbox 525 2876 594 2948; x_wconf 92' lang='grc' dir='ltr'><strong><em>νος</em></strong></span> <span class='ocrx_word' id='word_1_215' title='bbox 609 2870 764 2947; x_wconf 90' lang='grc' dir='ltr'><strong><em>δοντος</em></strong></span> <span class='ocrx_word' id='word_1_216' title='bbox 746 2896 812 2953; x_wconf 87' lang='grc' dir='ltr'><strong><em>εχει</em></strong></span> <span class='ocrx_word' id='word_1_217' title='bbox 828 2896 887 2936; x_wconf 92' lang='grc' dir='ltr'><strong><em>τον</em></strong></span> <span class='ocrx_word' id='word_1_218' title='bbox 901 2872 1029 2957; x_wconf 88' lang='grc' dir='ltr'><strong><em>κληρον</em></strong></span> <span class='ocrx_word' id='word_1_219' title='bbox 1052 2871 1135 2937; x_wconf 91' lang='grc' dir='ltr'><strong><em>κατά</em></strong></span> 
     </span>
     <span class='ocr_line' id='line_1_27' title="bbox 55 2965 1136 3061; baseline -0.006 -16"><span class='ocrx_word' id='word_1_220' title='bbox 55 2982 191 3054; x_wconf 75' lang='grc' dir='ltr'><strong><em>ποίους</em></strong></span> <span class='ocrx_word' id='word_1_221' title='bbox 205 2974 326 3059; x_wconf 88' lang='grc' dir='ltr'><strong><em>νόμους</em></strong></span> <span class='ocrx_word' id='word_1_222' title='bbox 341 2973 390 3050; x_wconf 83' lang='grc' dir='ltr'><strong><em>εἰς</em></strong></span> <span class='ocrx_word' id='word_1_223' title='bbox 411 2971 490 3051; x_wconf 81' lang='grc' dir='ltr'><strong><em>τοὺς</em></strong></span> <span class='ocrx_word' id='word_1_224' title='bbox 512 2971 679 3061; x_wconf 81' lang='grc' dir='ltr'><strong><em>φράτερας</em></strong></span> <span class='ocrx_word' id='word_1_225' title='bbox 702 2969 860 3060; x_wconf 81' lang='grc' dir='ltr'><strong><em>εἰσῆκται,</em></strong></span> <span class='ocrx_word' id='word_1_226' title='bbox 882 2973 938 3038; x_wconf 81' lang='grc' dir='ltr'><strong><em>καὶ</em></strong></span> <span class='ocrx_word' id='word_1_227' title='bbox 960 2975 1034 3048; x_wconf 79' lang='grc' dir='ltr'><strong><em>πῶς</em></strong></span> <span class='ocrx_word' id='word_1_228' title='bbox 1054 2965 1113 3054; x_wconf 94' lang='grc' dir='ltr'>Ι</span> <span class='ocrx_word' id='word_1_229' title='bbox 1078 2997 1136 3038; x_wconf 91' lang='grc' dir='ltr'><strong><em>ουκ</em></strong></span> 
     </span>
     <span class='ocr_line' id='line_1_28' title="bbox 21 3069 1134 3198; baseline -0.007 -52"><span class='ocrx_word' id='word_1_230' title='bbox 21 3076 26 3083; x_wconf 72' lang='grc'><strong>’</strong></span> <span class='ocrx_word' id='word_1_231' title='bbox 56 3073 285 3166; x_wconf 82' lang='grc' dir='ltr'><strong><em>έπέκληρος’</em></strong></span> <span class='ocrx_word' id='word_1_232' title='bbox 267 3099 307 3164; x_wconf 90' lang='grc' dir='ltr'><strong><em>ην</em></strong></span> <span class='ocrx_word' id='word_1_233' title='bbox 336 3073 395 3142; x_wconf 77' lang='grc' dir='ltr'><strong><em>ἐπὶ</em></strong></span> <span class='ocrx_word' id='word_1_234' title='bbox 422 3072 555 3151; x_wconf 86' lang='grc' dir='ltr'><strong><em>τούτοις</em></strong></span> <span class='ocrx_word' id='word_1_235' title='bbox 584 3086 656 3150; x_wconf 90' lang='grc' dir='ltr'><strong><em>τοῖς</em></strong></span> <span class='ocrx_word' id='word_1_236' title='bbox 680 3072 846 3161; x_wconf 81' lang='grc' dir='ltr'><strong><em>χρήμασιν</em></strong></span> <span class='ocrx_word' id='word_1_237' title='bbox 872 3069 892 3161; x_wconf 98' lang='lat'>6</span> <span class='ocrx_word' id='word_1_238' title='bbox 924 3071 999 3198; x_wconf 46' lang='grc' dir='ltr'><strong><em>ἐμὴ)</em></strong></span> <span class='ocrx_word' id='word_1_239' title='bbox 1017 3071 1134 3162; x_wconf 81' lang='grc' dir='ltr'><strong><em>μήτηρ.</em></strong></span> 
     </span>
     <span class='ocr_line' id='line_1_29' title="bbox 53 3169 1134 3300; baseline -0.003 -53"><span class='ocrx_word' id='word_1_240' title='bbox 53 3183 165 3300; x_wconf 71' lang='grc' dir='ltr'><strong><em>ταῦτα</em></strong></span> <span class='ocrx_word' id='word_1_241' title='bbox 192 3177 257 3299; x_wconf 86' lang='grc' dir='ltr'><strong><em>γάρ</em></strong></span> <span class='ocrx_word' id='word_1_242' title='bbox 284 3176 356 3244; x_wconf 77' lang='grc' dir='ltr'><strong><em>ἐστι</em></strong></span> <span class='ocrx_word' id='word_1_243' title='bbox 384 3178 465 3264; x_wconf 87' lang='grc' dir='ltr'><strong><em>περὶ</em></strong></span> <span class='ocrx_word' id='word_1_244' title='bbox 492 3169 538 3241; x_wconf 82' lang='grc' dir='ltr'><strong><em>ὦν</em></strong></span> <span class='ocrx_word' id='word_1_245' title='bbox 567 3171 653 3298; x_wconf 65' lang='grc' dir='ltr'><strong><em>ύμᾶς</em></strong></span> <span class='ocrx_word' id='word_1_246' title='bbox 682 3172 789 3241; x_wconf 87' lang='grc' dir='ltr'><strong><em>δεῖ</em></strong></span> <span class='ocrx_word' id='word_1_247' title='bbox 754 3200 813 3262; x_wconf 90' lang='grc' dir='ltr'><strong><em>την</em></strong></span> <span class='ocrx_word' id='word_1_248' title='bbox 796 3177 959 3264; x_wconf 78' lang='grc' dir='ltr'><strong><em>νψηφον</em></strong></span> <span class='ocrx_word' id='word_1_249' title='bbox 985 3173 1134 3264; x_wconf 77' lang='grc' dir='ltr'><strong><em>ἐνεγκεῖν,</em></strong></span> 
     </span>
     <span class='ocr_line' id='line_1_30' title="bbox 44 3209 1135 3369; baseline -0.002 -21"><span class='ocrx_word' id='word_1_250' title='bbox 44 3274 116 3348; x_wconf 80' lang='grc' dir='ltr'><strong><em>,ούκ</em></strong></span> <span class='ocrx_word' id='word_1_251' title='bbox 140 3279 171 3347; x_wconf 82' lang='grc' dir='ltr'><strong><em>εἰ</em></strong></span> <span class='ocrx_word' id='word_1_252' title='bbox 197 3278 306 3368; x_wconf 81' lang='grc' dir='ltr'><strong><em>χρόνῳ</em></strong></span> <span class='ocrx_word' id='word_1_253' title='bbox 334 3303 369 3347; x_wconf 90' lang='grc' dir='ltr'><strong><em>τι</em></strong></span> <span class='ocrx_word' id='word_1_254' title='bbox 395 3271 535 3365; x_wconf 81' lang='grc' dir='ltr'><strong><em>ύστερον</em></strong></span> <span class='ocrx_word' id='word_1_255' title='bbox 560 3272 657 3366; x_wconf 79' lang='grc' dir='ltr'><strong><em>ἡμεῖς</em></strong></span> <span class='ocrx_word' id='word_1_256' title='bbox 684 3281 751 3345; x_wconf 80' lang='grc' dir='ltr'><strong><em>τῶν</em></strong></span> <span class='ocrx_word' id='word_1_257' title='bbox 778 3209 946 3367; x_wconf 74' lang='grc' dir='ltr'><strong><em>ύημετέρων</em></strong></span> <span class='ocrx_word' id='word_1_258' title='bbox 974 3278 1135 3369; x_wconf 87' lang='grc' dir='ltr'><strong><em>εισπρατ-</em></strong></span> 
     </span>
     <span class='ocr_line' id='line_1_31' title="bbox 53 3371 1134 3470; baseline 0.001 -22"><span class='ocrx_word' id='word_1_259' title='bbox 53 3382 202 3468; x_wconf 87' lang='grc' dir='ltr'><strong><em>τόμεθα.</em></strong></span> <span class='ocrx_word' id='word_1_260' title='bbox 246 3379 290 3469; x_wconf 81' lang='grc' dir='ltr'><strong><em>μὴ</em></strong></span> <span class='ocrx_word' id='word_1_261' title='bbox 317 3381 531 3470; x_wconf 84' lang='grc' dir='ltr'><strong><em>δυνηθέντων</em></strong></span> <span class='ocrx_word' id='word_1_262' title='bbox 561 3380 597 3446; x_wconf 81' lang='grc' dir='ltr'><strong><em>δὲ</em></strong></span> <span class='ocrx_word' id='word_1_263' title='bbox 619 3379 801 3462; x_wconf 77' lang='grc' dir='ltr'><strong><em>ἐπιδεῖξαι,</em></strong></span> <span class='ocrx_word' id='word_1_264' title='bbox 832 3380 969 3460; x_wconf 80' lang='grc' dir='ltr'><strong><em>δικαίως</em></strong></span> <span class='ocrx_word' id='word_1_265' title='bbox 992 3371 1032 3449; x_wconf 77' lang='grc' dir='ltr'><strong><em>δν</em></strong></span> <span class='ocrx_word' id='word_1_266' title='bbox 1054 3380 1134 3465; x_wconf 79' lang='grc' dir='ltr'><strong><em>ἒμδν</em></strong></span> 
     </span>
     <span class='ocr_line' id='line_1_32' title="bbox 56 3477 523 3572; baseline -0.006 -21"><span class='ocrx_word' id='word_1_267' title='bbox 56 3477 161 3551; x_wconf 84' lang='grc' dir='ltr'><strong><em>αύτδν</em></strong></span> <span class='ocrx_word' id='word_1_268' title='bbox 183 3479 270 3550; x_wconf 78' lang='grc' dir='ltr'><strong><em>εἶναι</em></strong></span> <span class='ocrx_word' id='word_1_269' title='bbox 291 3486 523 3572; x_wconf 79' lang='grc' dir='ltr'><strong><em>ψηφίσαισθε.</em></strong></span> 
     </span>
    </p>

    <p class='ocr_par' dir='ltr' id='par_1_4' title="bbox 55 3575 1185 3774">
     <span class='ocr_line' id='line_1_33' title="bbox 147 3575 1185 3668; baseline -0.002 -16"><span class='ocrx_word' id='word_1_270' title='bbox 147 3588 255 3652; x_wconf 82' lang='grc' dir='ltr'><strong><em>Τοῦτο</em></strong></span> <span class='ocrx_word' id='word_1_271' title='bbox 278 3583 337 3668; x_wconf 80' lang='grc' dir='ltr'><strong><em>μὲν</em></strong></span> <span class='ocrx_word' id='word_1_272' title='bbox 360 3579 428 3650; x_wconf 76' lang='grc' dir='ltr'><strong><em>οἶδ’</em></strong></span> <span class='ocrx_word' id='word_1_273' title='bbox 446 3575 499 3650; x_wconf 77' lang='grc' dir='ltr'><strong><em>ὅτι</em></strong></span> <span class='ocrx_word' id='word_1_274' title='bbox 521 3595 633 3650; x_wconf 89' lang='grc' dir='ltr'><strong><em>ποιεῖν</em></strong></span> <span class='ocrx_word' id='word_1_275' title='bbox 649 3575 707 3665; x_wconf 80' lang='grc' dir='ltr'><strong><em>οὐχ</em></strong></span> <span class='ocrx_word' id='word_1_276' title='bbox 729 3577 846 3650; x_wconf 78' lang='grc' dir='ltr'><strong><em>οἷοίτ’</em></strong></span> <span class='ocrx_word' id='word_1_277' title='bbox 866 3582 1015 3649; x_wconf 79' lang='grc' dir='ltr'><strong><em>έσονται·</em></strong></span> <span class='ocrx_word' id='word_1_278' title='bbox 1035 3582 1133 3662; x_wconf 89' lang='grc' dir='ltr'><strong><em>χαλε·</em></strong></span> <span class='ocrx_word' id='word_1_279' title='bbox 1147 3594 1185 3650; x_wconf 71' lang='lat'><strong><em>22</em></strong></span> 
     </span>
     <span class='ocr_line' id='line_1_34' title="bbox 55 3678 1131 3774; baseline -0.005 -20"><span class='ocrx_word' id='word_1_280' title='bbox 55 3685 125 3756; x_wconf 87' lang='grc' dir='ltr'><strong><em>πδν</em></strong></span> <span class='ocrx_word' id='word_1_281' title='bbox 147 3683 211 3774; x_wconf 86' lang='grc' dir='ltr'><strong><em>γάρ</em></strong></span> <span class='ocrx_word' id='word_1_282' title='bbox 233 3683 321 3774; x_wconf 85' lang='grc' dir='ltr'><strong><em>πρὸς</em></strong></span> <span class='ocrx_word' id='word_1_283' title='bbox 336 3684 457 3770; x_wconf 91' lang='grc' dir='ltr'><strong><em>νόμους</em></strong></span> <span class='ocrx_word' id='word_1_284' title='bbox 471 3687 526 3751; x_wconf 82' lang='grc' dir='ltr'><strong><em>καὶ</em></strong></span> <span class='ocrx_word' id='word_1_285' title='bbox 551 3683 678 3751; x_wconf 83' lang='grc' dir='ltr'><strong><em>δίκαιον</em></strong></span> <span class='ocrx_word' id='word_1_286' title='bbox 693 3689 832 3773; x_wconf 85' lang='grc' dir='ltr'><strong><em>πρᾶγμα</em></strong></span> <span class='ocrx_word' id='word_1_287' title='bbox 848 3678 1029 3769; x_wconf 82' lang='grc' dir='ltr'><strong><em>ἀντιλέγειν</em></strong></span> <span class='ocrx_word' id='word_1_288' title='bbox 1045 3679 1131 3749; x_wconf 78' lang='grc' dir='ltr'><strong><em>ἐστί·</em></strong></span> 
     </span>
    </p>

    <p class='ocr_par' dir='ltr' id='par_1_5' title="bbox 52 3830 1134 3992">
     <span class='ocr_line' id='line_1_35' title="bbox 142 3830 1133 3902; baseline -0.008 -10"><span class='ocrx_word' id='word_1_289' title='bbox 142 3839 184 3892; x_wconf 85' lang='grc'><strong><em>18.</em></strong></span> <span class='ocrx_word' id='word_1_290' title='bbox 205 3839 217 3891; x_wconf 90' lang='grc'>1</span> <span class='ocrx_word' id='word_1_291' title='bbox 237 3831 274 3890; x_wconf 76' lang='grc' dir='ltr'><strong><em>ἂν</em></strong></span> <span class='ocrx_word' id='word_1_292' title='bbox 291 3836 347 3890; x_wconf 80' lang='grc' dir='ltr'><strong><em>εδδ.</em></strong></span> <span class='ocrx_word' id='word_1_293' title='bbox 360 3834 432 3889; x_wconf 77' lang='grc' dir='ltr'><strong><em>Τιιττ.</em></strong></span> <span class='ocrx_word' id='word_1_294' title='bbox 483 3835 527 3891; x_wconf 78' lang='grc'><strong><em>19.</em></strong></span> <span class='ocrx_word' id='word_1_295' title='bbox 546 3841 561 3890; x_wconf 80' lang='lat'><strong>5</strong></span> <span class='ocrx_word' id='word_1_296' title='bbox 581 3831 655 3902; x_wconf 77' lang='grc' dir='ltr'><strong><em>αὐτῷ</em></strong></span> <span class='ocrx_word' id='word_1_297' title='bbox 674 3852 737 3889; x_wconf 80' lang='lat' dir='ltr'><strong>corr.</strong></span> <span class='ocrx_word' id='word_1_298' title='bbox 750 3839 774 3900; x_wconf 78' lang='lat'><strong><em>2,</em></strong></span> <span class='ocrx_word' id='word_1_299' title='bbox 793 3830 877 3886; x_wconf 74' lang='grc' dir='ltr'><strong><em>αὐτὸν</em></strong></span> <span class='ocrx_word' id='word_1_300' title='bbox 891 3849 929 3901; x_wconf 87' lang='lat' dir='ltr'><strong><em>pr.</em></strong></span> <span class='ocrx_word' id='word_1_301' title='bbox 980 3832 1025 3888; x_wconf 76' lang='lat'><strong><em>20.</em></strong></span> <span class='ocrx_word' id='word_1_302' title='bbox 1045 3837 1060 3888; x_wconf 86' lang='lat'>8</span> <span class='ocrx_word' id='word_1_303' title='bbox 1077 3837 1133 3898; x_wconf 73' lang='grc' dir='ltr'><strong><em>ἔχο·</em></strong></span> 
     </span>
     <span class='ocr_line' id='line_1_36' title="bbox 52 3915 1134 3992; baseline -0.006 -18"><span class='ocrx_word' id='word_1_304' title='bbox 52 3942 107 3992; x_wconf 77' lang='grc' dir='ltr'><strong><em>μιν</em></strong></span> <span class='ocrx_word' id='word_1_305' title='bbox 125 3920 214 3975; x_wconf 71' lang='grc' dir='ltr'><strong><em>εἰπεῖν</em></strong></span> <span class='ocrx_word' id='word_1_306' title='bbox 231 3921 289 3974; x_wconf 83' lang='lat' dir='ltr'>Dbr.</span> <span class='ocrx_word' id='word_1_307' title='bbox 342 3919 385 3976; x_wconf 70' lang='lat'><strong><em>21.</em></strong></span> <span class='ocrx_word' id='word_1_308' title='bbox 403 3923 419 3974; x_wconf 81' lang='lat'>2</span> <span class='ocrx_word' id='word_1_309' title='bbox 436 3922 491 3985; x_wconf 72' lang='grc' dir='ltr'><strong><em>ἔχει</em></strong></span> <span class='ocrx_word' id='word_1_310' title='bbox 509 3919 559 3974; x_wconf 78' lang='grc' dir='ltr'><strong><em>δελ.</em></strong></span> <span class='ocrx_word' id='word_1_311' title='bbox 577 3920 649 3974; x_wconf 87' lang='lat' dir='ltr'>Turr.</span> <span class='ocrx_word' id='word_1_312' title='bbox 666 3949 701 3961; x_wconf 92' lang='lat'><em>-</em></span> <span class='ocrx_word' id='word_1_313' title='bbox 719 3923 733 3970; x_wconf 81' lang='lat'>5</span> <span class='ocrx_word' id='word_1_314' title='bbox 758 3921 914 3989; x_wconf 83' lang='grc' dir='ltr'><strong><em>...ινεγκιῖν</em></strong></span> <span class='ocrx_word' id='word_1_315' title='bbox 931 3934 969 3985; x_wconf 83' lang='lat' dir='ltr'><strong><em>pr.</em></strong></span> <span class='ocrx_word' id='word_1_316' title='bbox 988 3922 1063 3984; x_wconf 75' lang='lat' dir='ltr'>(eras.</span> <span class='ocrx_word' id='word_1_317' title='bbox 1081 3915 1134 3968; x_wconf 77' lang='lat' dir='ltr'><strong>vid.</strong></span> 
     </span>
    </p>
   </div>
   <div class='ocr_carea' id='block_1_3' title="bbox 51 4005 1216 4220">
    <p class='ocr_par' dir='ltr' id='par_1_6' title="bbox 51 4005 1216 4220">
     <span class='ocr_line' id='line_1_37' title="bbox 51 4005 1216 4220; baseline -0.003 -160"><span class='ocrx_word' id='word_1_318' title='bbox 51 4007 100 4074; x_wconf 73' lang='grc' dir='ltr'><strong><em>τῖε)</em></strong></span> <span class='ocrx_word' id='word_1_319' title='bbox 119 4036 154 4047; x_wconf 93' lang='grc'><strong>-</strong></span> <span class='ocrx_word' id='word_1_320' title='bbox 173 4009 189 4059; x_wconf 82' lang='grc'>8</span> <span class='ocrx_word' id='word_1_321' title='bbox 207 4005 373 4075; x_wconf 53' lang='lat' dir='ltr'><strong><em>mica&amp;</em></strong></span> <span class='ocrx_word' id='word_1_322' title='bbox 389 4021 437 4073; x_wconf 66' lang='lat' dir='ltr'><strong><em>pr„</em></strong></span> <span class='ocrx_word' id='word_1_323' title='bbox 455 4020 518 4059; x_wconf 80' lang='lat' dir='ltr'><strong>corr.</strong></span> <span class='ocrx_word' id='word_1_324' title='bbox 537 4009 560 4059; x_wconf 83' lang='lat'><strong><em>2.</em></strong></span> <span class='ocrx_word' id='word_1_325' title='bbox 1135 4024 1216 4220; x_wconf 69' lang='grc' dir='ltr'>Ι</span> 
     </span>
    </p>
   </div>
   <div class='ocr_carea' id='block_1_4' title="bbox 0 0 1290 4476">
    <p class='ocr_par' dir='ltr' id='par_1_7' title="bbox 0 0 1290 4476">
     <span class='ocr_line' id='line_1_38' title="bbox 0 0 1290 4476; baseline 0 0"><span class='ocrx_word' id='word_1_326' title='bbox 0 0 1290 4476; x_wconf 95' lang='lat' dir='ltr'><strong><em> </em></strong></span> 
     </span>
    </p>
   </div>
  </div>
 </body>
</html>
