2550 4478
137 260 196 320 122
622 261 731 317 ΙΣΔΙΟΥ
1130 279 1161 321 οι.
1184 276 1220 318 ιο.

135 425 313 509 άποδεῑξαι
335 427 382 509 ὡς
405 425 442 498 ⁰3
465 435 524 518 τῆς
546 429 626 518 ἐμῆς
647 430 772 520 μητρὸς
794 425 891 509 οὗτος
912 426 961 513 (ὁ)
988 429 1108 519 κλῆρός
1129 429 1204 497 ἐστίν

133 537 192 600 τοῦ
215 526 364 621 άδελφοῦ
387 526 469 620 αὐτῇ
490 536 550 600 τοῦ
569 532 787 621 Δημοχάρους
809 531 1073 610 καταλιπόντος·
1097 530 1150 598 ἐὰν
1170 523 1198 597 3'

135 629 200 723 άρα
227 636 378 719 τολμῶσι
406 636 484 723 περὶ
516 628 624 701 αὐτῶν
656 635 772 719 λέγειν,
802 633 903 718 νόμον
932 632 1082 700 κελεύετε
1106 633 1196 712 δεῖξαι

136 729 217 802 καθ’
243 734 282 803 ὃν
309 741 480 824 γεγένηται
507 732 527 823 3
557 734 749 824 εἰσποίησις
777 729 999 822 Ἀριστάρχῳ,
1029 737 1087 802 καὶ
1111 741 1159 812 τίς
1182 728 1195 800 3

134 837 351 925 εἷσποιήσας·
374 841 472 905 τοῦτο
493 836 556 924 μὰρ
580 837 709 904 δίκαιόν
732 835 832 904 ἐστιν.
878 829 954 902 ἀλλ’
982 829 1050 902 οἷδ’
1076 828 1128 903 ὅτι
1151 828 1195 917 οὐχ

134 937 263 1016 ἕξουσιν
286 938 462 1017 ἐπιδεῖξαι.

81 1056 116 1110 15
219 1043 304 1120 Περὶ
334 1041 394 1124 μὲν
424 1027 480 1106 οὖν
508 1043 567 1106 τοῦ
596 1038 655 1106 τὸν
677 1041 796 1127 κληρον
825 1034 911 1106 εἶναι
938 1042 998 1126 τῆς
1026 1035 1196 1126 μητρὸςέξ

134 1134 234 1228 άρχῆς
255 1143 311 1207 καὶ
335 1135 458 1219 άδέκως
473 1134 575 1226 αὐτὴν
597 1137 663 1206 ὑπὸ
688 1140 813 1207 τούτων
829 1132 1103 1227 άπεστερῆσθαι,
1120 1138 1151 1206 ’έκ
1169 1161 1196 1204 τε

133 1245 199 1308 τῶν
228 1241 408 1330 εἰρημένων
433 1243 489 1308 καὶ
517 1245 819 1330 μεμαρτυρημένων
847 1244 904 1309 καὶ
933 1239 970 1319 ἐξ
1003 1235 1113 1308 αὐτῶν
1142 1243 1195 1306 τών

133 1342 244 1427 νόμων
267 1343 386 1421 ἱκανῶς
414 1339 557 1430 ἡγοῦμαι
581 1336 836 1426 ἀποδεδεῖχθαι.
887 1335 975 1411 οὕτω
998 1343 1035 1409 33
1057 1345 1113 1409 καὶ
1133 1339 1196 1408 τού-

131 1469 204 1522 τοις
226 1440 372 1565 φανεράν
395 1443 484 1512 ἐστιν
507 1437 560 1511 άτι
583 1437 621 1511 03
644 1444 881 1533 προσηκόντως
903 1442 1017 1526 ἐ’χοοσι
1040 1447 1146 1510 ταῦτα
1164 1440 1196 1510 τὰ

129 1546 292 1634 χρήματα,
316 1540 402 1614 ὥστε
425 1541 482 1614 οὐκ
505 1544 563 1613 ἐπὶ
585 1550 633 1668 τηῖ
656 1546 793 1627 ὁικαέως
808 1539 1025 1632 Ἀρίσταρχον
1048 1545 1197 1633 εἰσαχθῆ-

132 1674 187 1715 ναι
210 1648 258 1727 εἰς
279 1647 357 1727 τοὺς
388 1647 557 1777 ρράτερας
584 1647 644 1716 τὸν
672 1647 770 1734 λόγον
792 1650 972 1715 ποιοῦνται
999 1646 1104 1768 μόνον
1126 1641 1196 1714 ἀλλὰ

131 1753 244 1818 καλέ
209 1751 302 1839 δίκην
325 1753 430 1838 φασὶν
451 1739 536 1838 ὑπὲρ
559 1750 685 1819 τούτων
707 1753 773 1817 τῶν
793 1747 971 1837 χρημάτων
996 1746 1057 1816 τὸν
1079 1753 1198 1836 πατέρι

131 1849 189 1918 τὸν
212 1850 338 1917 ἑαυτῶν
361 1850 568 1933 ἐκτετικέναι,
598 1841 715 1933 W,
693 1878 733 1918 αν
755 1849 800 1938 μὴ
822 1842 897 1916 κατ’
925 1847 1049 1917 ἐκεῖνον
1073 1850 1198 1926 δικαίως

132 1951 274 2017 δοκῶσιν
305 1951 398 2033 ἔχειν,
428 1952 512 2018 κατά
539 1976 576 2038 με
603 1955 708 2018 ταῦτα
738 1951 873 2029 εἰκότως
894 1954 1066 2039 προσῆκον
1096 1946 1198 2027 αὐτοῖς

79 2066 115 2122 16
133 2058 198 2141 φαέ
200 2077 304 2141 νηται.
350 2047 480 2139 3733',
504 2080 530 2118 ω
517 2040 724 2140 άτδρες,”
705 2079 759 2120 οτι
774 2078 832 2120 ουκ
848 2045 961 2172 αληθη
983 2054 1126 2139 λέγουσι,
1147 2076 1197 2137 με·

128 2151 353 2241 χάλοιςῦμᾶς
374 2160 564 2243 τεκμηρίοις
586 2154 721 2234 διδάξω.
760 2155 790 2222 εἰ
811 2152 874 2242 γὰρ
896 2141 945 2242 ἦν,
969 2150 1016 2231 (ὃς
1038 2148 1133 2224 οὗτοι
1154 2156 1198 2220 λέ·

128 2280 252 2343 χοοσιν,
275 2253 464 2345 ὑπέρχρεως
486 2250 616 2335 οὗτοςο
605 2253 762 2382 “κλῆρος,
786 2249 857 2322 οὔτ
878 2245 919 2322 άν
936 2255 1094 2343 χρήματα
1116 2249 1198 2323 οὗτοι

128 2354 214 2446 ὑπὲρ
244 2352 352 2425 αοτιῦν
381 2357 586 2437 ἐξέτινον-
611 2357 649 2426 03
677 2359 741 2446 γὰρ
769 2361 939 2479 προσῆκον
968 2351 1098 2436 αὐτοῖς,
1129 2348 1195 2424 άλλ

130 2457 194 2624 οἷςὲ
204 2455 378 2544 ἐγένετοζ
359 2484 379 2544 η
404 2457 464 2545 ἐμὴ
488 2485 662 2548 μητηρ
618 2457 677 2526 3
665 2459 783 2581 έὸικρς,
812 2458 944 2537 τούτοις
967 2451 1147 2546 άναγκαῖον
1164 2444 1198 2576 33

128 2555 214 2643 ὑπὲρ
230 2552 339 2625 αὐτῶν
359 2559 684 2643 βουλεύσασθαι-η
709 2556 785 2626 οάτε
800 2549 840 2627 άν
854 2559 988 2627 ελσεποέ
975 2565 1047 2627 έουν
1064 2561 1114 2640 εἰς
1130 2562 1197 2628 τοῦ·

128 2684 186 2726 τον
207 2657 267 2726 τὸν
286 2660 407 2747 κλῆρον
435 2659 509 2727 σιὸν
529 2654 749 2749 Ἀριστάρχῳ,
778 2663 954 2746 μέλλοντες
984 2656 1197 2753 ὠφεληθήσε·

76 2776 108 2831 17
130 2765 216 2828 σθαι
242 2762 302 2846 μὲν
332 2761 449 2851 μηδέν,
484 2762 766 2852 ζημιωθήσεσθαι
799 2763 835 2830 33
861 2763 999 2849 μεγάλα.
1048 2754 1071 2852 3
1100 2764 1197 2852 έτοροι

126 2856 241 2948 μέν,
229 2858 310 2957 όταν
331 2867 411 2992 περὶ
431 2863 584 2953 χρήματα
614 2865 813 2990 3303331303,
836 2864 914 2943 τούς
936 2870 1120 2991 σφετέρρος
1146 2859 1196 2932 οὗ·

126 2969 192 3032 τιῦν
214 2966 395 3044 παῖδας
366 2991 413 3045 εις
435 2966 567 3054 ἑτέρους
588 2967 698 3045 σ’ίκοος
714 2966 973 3048 εἰσποιοῦσιν,”
958 2993 1012 3034 ινα
1033 2966 1079 3055 μὴ
1103 2965 1195 3053 μετά-

128 3090 231 3150 σχωσι
259 3071 318 3155 τῆς
347 3067 558 3155 τοῦπατρὸς
581 3063 733 3154 άτιμέοις·
764 3063 856 3136 οὗτοι
879 3064 963 3135 δέ
942 3094 1008 3157 αρα
1029 3068 1079 3147 εἷς
1100 3064 1194 3152 ὑπέρ·

123 3192 228 3254 χρεων
244 3162 361 3235 οάσέαν
376 3171 431 3235 καὶ
446 3169 582 3237 οἴκοθεν
598 3169 789 3238 εἰσεποέοον
805 3174 895 3259 σφᾶς
917 3163 1046 3253 αὐτούς,
1070 3171 1127 3239 ἵνα
1146 3169 1192 3236 καὶ

125 3266 167 3333 τά
195 3264 387 3352 ὑπάρχοντα
416 3272 729 3355 προσαπολέσειαν,·
758 3265 815 3338 οὐκ
838 3270 909 3339 ἐ’στι
930 3276 1051 3354 ταῦτα,
1082 3265 1155 3340 ἀλλ’
1176 3263 1205 3344 ὃ,

124 3369 185 3452 μὲν
214 3370 333 3455 κλῆρος
364 3366 541 3455 ἐλεύθερος
569 3357 609 3457 ἦν
636 3373 693 3438 καὶ
721 3375 779 3460 τῆς
807 3369 887 3460 ἐμῆς
915 3372 1042 3462 μητρὸς
1064 3373 1188 3461 ἐγένετο,

212 3510 226 3560 3
245 3499 259 3558 ὁ
277 3505 334 3559 add.
348 3504 460 3572 Sauppe.
511 3507 554 3564 15.
572 3512 588 3562 9
607 3507 705 3561 ἑαυτοῦ
716 3525 763 3576 ρο,
775 3513 864 3562 eorm
883 3539 917 3549 -
936 3485 982 3564 θνα
999 3507 1035 3565 ἂν
1051 3510 1090 3580 μὴ
1102 3528 1158 3567 corr.
1170 3513 1185 3570 1,

124 3585 159 3643 ἂν
178 3607 227 3644 om.
245 3607 283 3658 pr.
307 3620 341 3629 -
366 3591 451 3642 έκεῖνο
468 3588 529 3646 Rsk.
552 3623 586 3632 —
613 3597 642 3646 10
661 3595 799 3662 προσῆκον
816 3610 863 3661 pr„
881 3593 1030 3667 προσήκων
1048 3612 1112 3652 corr.
1131 3600 1186 3650 2-

126 3678 155 3728 11
176 3679 308 3744 φαίο.ται
327 3692 372 3744 pn,
391 3691 454 3728 corr.
473 3679 496 3729 θ.
565 3677 608 3733 16.
629 3681 644 3731 3
661 3674 813 3750 ὑπέρχρεως
829 3695 876 3746 pn,
893 3672 1034 3750 άπάχριωε
1051 3697 1114 3737 corr.
1130 3683 1143 3734 2
1159 3703 1184 3716 ··

124 3762 139 3812 6
158 3758 283 3816 εἰσποι..”
297 3775 343 3828 pr..
362 3760 494 3816 εἰσποιεῖν
512 3777 575 3815 corr.
596 3764 623 3814 1:
643 3777 690 3816 em.
704 3762 761 3815 Ald.
830 3763 870 3817 17.
889 3767 905 3816 2
923 3757 992 3817 ὅταν
1008 3768 1060 3833 μὲν
1078 3783 1123 3835 pr„
1137 3762 1183 3831 βοῑ

124 3862 141 3894 α
154 3848 240 3896 sscr.1
259 3873 292 3882 —
310 3841 435 3915 χρήματα
444 3860 475 3897 ex
485 3846 504 3898 Α
515 3846 549 3909 (ci
559 3844 642 3911 Nbr.):
660 3844 806 3916 χρημάτων
816 3849 895 3915 vulgo
908 3877 941 3888 -
954 3849 1138 3904 3εἶσποιῶσιν
1147 3858 1183 3914 ph·

123 3943 186 3980 corr.
197 3929 213 3980 2
230 3954 264 3964 -
281 3930 305 3979 4.
316 3933 331 3981 5
341 3923 498 3999 ὑπέρχρτων
510 3946 556 3998 ρο,
573 3925 717 4003 ὑπόχρεων
728 3947 793 3984 corr.
810 3936 824 3986 2
843 3962 877 3972 -
895 3932 999 3988 δοῖκον
1008 3934 1098 3998 Schb.;
1111 3929 1183 3986 malim

122 4011 181 4077 (del.
192 4026 256 4064 voce
265 4015 319 4078 καὶ)
329 4028 354 4065 v.
363 4015 379 4066 6
388 4010 423 4065 τὰ
432 4011 545 4067 οἴκοθεν
555 4008 713 4084 ὑπάρχοντα
726 4043 758 4054 -
770 4019 786 4070 6
799 4014 1030 4086 προσοιπολέσιιιν
1039 4037 1085 4090 pr„
1098 4012 1182 4072 corr-1·
