2572 4476
100 240 120 298 4
585 245 694 300 ΙΣΑΙΟΥ
1117 264 1153 308 02,
1165 268 1180 308 χ

100 418 218 498 μένων,
242 406 288 479 ὦν
311 412 510 498 Κλεώνυμος
531 416 718 496 κατέλιπεν,
742 408 857 493 αύτοῑς
879 414 1031 502 [τούτων]
1050 415 1181 502 ἰσομοι-

101 518 218 602 ρήσαι·
241 507 334 582 οὗτοι
357 514 393 580 δὲ
416 513 464 593 εἰς
485 518 583 582 τοῦτο
598 508 734 603 ήκουσιν
756 510 999 597 άναισχυντίας,
1022 509 1183 587 ὥστεκαὶ

101 614 144 682 τὰ
159 619 302 703 πατρῷα
316 618 601 705 προσαφελέσθαι
618 615 770 704 ζητοῦσιν
785 613 882 706 ήμάς,
903 610 960 684 ούκ
975 612 1183 704 ἀγνοοῦντες,

102 705 129 784 ὦ
153 714 279 807 ἅνδρες,
302 716 339 785 τὸ
365 719 503 800 δίκαιον,
528 713 613 785 άλλὰ
637 717 766 806 πολλήν
793 715 888 806 ήμῶν
917 717 1059 808 ἐρημίαν
1084 749 1185 790 κατα·

73 825 87 881 Β
103 814 245 907 γνόντες.
290 825 468 904 σκέψασθε
489 819 553 910 γὰρ
568 820 620 900 οίς
635 819 785 909 ἑκάτεροι
800 819 1017 899 πιστεύοντες
1032 821 1086 902 εἰς
1101 821 1186 909 ὑμᾶς

103 921 383 1012 εἰσεληλύθαμεν·
407 916 501 990 οὗτοι
523 922 583 1007 μὲν
606 922 787 1011 διαθήκαις
810 921 1053 1011 ἰσχυριζόμενοι
1070 926 1186 994 τοιαύ-

102 1048 187 1105 ταις,
210 1022 250 1101 δς
272 1021 395 1102 ἐκεῖνος
417 1024 552 1091 διέθετο
574 1025 634 1109 μὲν
657 1017 715 1107 οὐχ
728 1020 807 1111 ἡμῖν
829 1023 974 1111 ἐγκαλῶν
989 1017 1068 1090 ἀλλ’
1097 1019 1186 1115 ὀργι-

103 1127 202 1202 σθεὶς
223 1127 291 1190 τῶν
312 1123 443 1192 οἰκείων
464 1127 530 1192 τινί
553 1129 620 1191 τῶν
641 1121 825 1212 ἡμετέρων,
855 1125 950 1191 ἔλυσε
973 1123 1009 1190 δί
1031 1125 1105 1214 πρὸ
1129 1131 1186 1196 τοῦ

72 1226 269 1307 ίθανάτου,
292 1231 434 1310 πέμψας
455 1227 696 1294 Ποσείδιππον
719 1225 775 1292 ἰπὶ
798 1224 858 1314 τήν
881 1220 998 1315 ἆρχήν·
1029 1222 1132 1314 ἡμεῖς
1155 1231 1188 1296 δὲ

104 1333 190 1415 γένει
212 1327 273 1412 μὲν
295 1325 460 1414 ἐγγυτάτω
478 1328 710 1417 προσήκοντες,
730 1327 896 1415 χρώμενοι
914 1328 950 1394 δὲ
966 1325 1083 1415 ἐκείνῳ
1100 1330 1187 1398 πάν-

103 1454 171 1495 των
193 1427 391 1511 οἰκειότατα,
416 1429 608 1497 δεδωκότων
639 1423 670 1496 δ’
696 1425 775 1517 ἡμῖν
800 1433 853 1497 καί
877 1434 943 1497 των
966 1428 1079 1513 νόμων
1102 1431 1188 1498 κατὰ

104 1529 164 1619 τήν
187 1523 376 1618 άγχιστείαν
397 1533 452 1599 καί
476 1525 579 1600 αύτού
600 1535 660 1598 τοῦ
681 1531 881 1616 Κλεωνύμου
905 1529 961 1598 διά
984 1529 1045 1618 τήν
1065 1535 1187 1621 φιλίαν

104 1631 164 1720 τήν
179 1628 394 1722 ύπάρχουσαν
410 1627 509 1722 αύτῷ,
534 1633 582 1702 ’ἑτι
599 1633 635 1701 δὲ
650 1632 858 1722 Πολυάρχου,
878 1636 936 1701 τοῦ
951 1632 1077 1722 πατρὸς
1091 1633 1182 1716 (τοῦ)

105 1736 323 1820 Κλεωνύμου,
352 1735 502 1803 πάππου
529 1729 562 1802 δ’
592 1733 769 1825 ήμετέρου,
800 1733 1069 1823 προστάξαντος,
1099 1733 1131 1802 εἰ
1151 1761 1186 1802 τι

70 1836 221 1903 δπάθοι
243 1837 442 1921 Κλεώνυμος
465 1833 581 1919 άπαις,
604 1834 683 1924 ήμῑν
707 1839 823 1904 δοῦναι
843 1835 886 1903 τὰ
910 1833 1021 1904 αὑτοῦ.
1065 1836 1188 1904 τοσού-

105 1963 172 2004 των
193 1943 304 2004 τοίνυν
330 1934 410 2025 ήμῖν
437 1934 655 2026 ὑπαρχόντων
683 1933 791 2019 οὗτοι,
821 1941 878 2004 καὶ
906 1951 1072 2025 συγγενεῖς
1095 1933 1188 2018 ὄντες

106 2041 163 2105 καί
185 2031 281 2106 οὐδὲν
304 2039 433 2106 δίκαιον
456 2038 564 2107 εἰπεῖν
587 2039 729 2123 ίχοντες,
759 2033 816 2107 οὒκ
847 2038 1060 2124 αἰσχύνονται
1086 2067 1187 2108 κατα-

108 2140 289 2229 στήσαντες
308 2135 397 2229 ήμᾶς
420 2141 469 2219 εἰς
491 2134 603 2228 άγῶνα
626 2144 703 2231 περὶ
727 2140 864 2223 τούτων,
887 2144 967 2229 περὶ
986 2135 1033 2210 ιύν
1049 2141 1187 2232 αἰσχρὸν

72 2254 92 2310 δ
108 2228 149 2332 ήν
172 2236 428 2333 άμφισβητήσαι
441 2246 497 2311 καί
512 2257 583 2322 τοῖς
597 2244 700 2332 μηδὲν
714 2243 950 2332 προσήκουσιν.
987 2236 1045 2327 ούχ
1060 2239 1188 2328 ὁμοίως

108 2346 146 2411 δέ
173 2371 233 2430 μοι
261 2346 436 2429 δοκοῦμεν,
465 2333 648 2436 ὦάνδρες,
679 2346 875 2414 διακεῖσθαι
903 2344 990 2435 πρὸς
1012 2343 1187 2436 ἀλλήλους.

109 2445 171 2532 ἐγώ
202 2447 262 2531 μὲν
290 2446 352 2534 γάρ
375 2441 433 2531 ούχ
455 2441 508 2514 ότι
534 2441 657 2526 άδίκως
685 2447 879 2529 κινδυνεύω,
909 2439 1010 2514 τοῦθ’
1042 2442 1189 2534 ήγοῦμαι

94 2553 265 2635 μέγιστον
287 2544 374 2615 εἰναι
395 2553 463 2615 τῶν
485 2549 663 2639 παρόντων
678 2554 795 2631 κακῶν,
819 2543 895 2616 ἀλλ’
913 2542 968 2616 ότι
983 2542 1189 2635 ἇγωνίζομαι

109 2649 197 2738 πρὸς
219 2650 377 2731 οἰκείους,
401 2649 458 2729 οὓς
480 2645 552 2718 οἶδ’
587 2645 784 2736 ἀμύνασθαι
813 2653 921 2729 καλῶς
949 2649 1031 2734 ἔχει·
1064 2643 1103 2718 ού
1126 2649 1190 2738 γὰρ

110 2741 152 2824 άν
180 2750 306 2819 ἐλάττω
339 2751 515 2841 συμφορὰν
547 2749 734 2843 ἡγησαίμην
765 2756 873 2831 κακῶς
905 2765 1017 2820 ποιεῖν
1049 2750 1190 2830 τούτους

109 2848 325 2939 ἇμυνόμενος,
348 2853 489 2934 οἰκείους
511 2850 619 2937 ύντας,
641 2845 786 2943 ήκακως
801 2858 930 2921 παθεῖν
952 2852 989 2933 ἐξ
1002 2847 1104 2942 ἀρχῆς
1119 2849 1188 2921 ύπδ

76 2958 247 3026 ῖτούτων.
292 2949 385 3024 οὗτοι
407 2949 440 3022 δ’
467 2949 505 3023 ού
529 2957 686 3047 τοιαύτην
708 2957 821 3040 ἔχουσι
839 2955 900 3046 τήν
913 2955 1056 3045 γνώμην,
1080 2948 1157 3023 ἄλλ’
1184 2952 1189 3035 l

94 3053 244 3148 ’ήκουσιν
273 3051 331 3147 ἐφ’
362 3055 452 3146 ἡμᾶς
481 3062 538 3125 καί
566 3059 643 3138 τούς
672 3062 793 3146 φίλους
815 3060 1108 3147 παρακαλέσαντες
1133 3058 1190 3125 καὶ

110 3162 253 3250 ῥήτορας
280 3159 618 3249 παρασκευασάμενοι
646 3163 702 3228 καί
731 3154 827 3226 οὐδὲν
858 3154 1104 3238 ἀπολείποντες
1129 3161 1189 3246 τῆς

111 3258 220 3330 αὑτων
235 3262 415 3346 δυνάμεως,
431 3255 556 3352 ὥσπερ,
571 3250 598 3329 ὦ
615 3259 740 3350 ἄνδρες,
756 3259 900 3350 ἐχθροὺς
910 3259 1190 3350 τιμωρησόμενοι,

93 3504 99 3511 ⁹
197 3531 331 3589 δτούτων
340 3534 390 3586 del.
400 3534 476 3588 Schb.
488 3566 520 3575 -
529 3536 708 3606 ἰσομοιρίσαιι
722 3550 771 3587 em.
781 3532 838 3585 Ald.
850 3562 880 3571 -
892 3533 1033 3604 6ίρημίαν
1042 3524 1121 3598 ἡμῶν
1130 3528 1191 3584 Mai.

196 3617 223 3673 8.
245 3626 256 3672 ί
282 3619 318 3672 ιίε
335 3619 410 3672 Gob.:
433 3616 470 3673 αύε
492 3649 525 3660 -
549 3624 668 3675 3ιιιῖνοε
691 3618 712 3679 Ο
737 3648 770 3658 -
793 3613 905 3670 διέθετο
929 3617 1055 3685 Scaliger:
1083 3611 1118 3681 δὴ
1139 3610 1191 3669 ὑπ-

93 3698 195 3756 ἰίδιτο
212 3702 295 3756 ΑΜαί.
364 3704 391 3759 4.
410 3706 425 3757 3
443 3702 635 3765 οἰκειοτάτοις)
653 3706 714 3756 -ῖ
734 3699 879 3772 λυάρχσυῡ
897 3732 930 3741 -
947 3703 996 3754 τοῦ
1008 3701 1065 3754 εδδ.
1078 3699 1138 3754 Dbr.
1158 3731 1192 3740 —

113 3844 126 3892 ’ἰ
141 3807 228 3907 πάδύή
242 3840 271 3901 0.
340 3840 367 3896 5.
385 3844 402 3892 4
419 3835 527 3911 ἇγιῦναε
538 3836 568 3897 0.
636 3837 664 3892 δ,
677 3841 691 3888 δ
709 3831 876 3905 ἀμύνασθαι
887 3835 916 3901 Q,
934 3830 1099 3903 ἇμύν.σθαι
1112 3835 1193 3904 Apr„

109 3943 125 3976 ι
136 3925 163 3977 in
175 3939 223 3977 ιιι.
239 3929 250 3977 l
270 3954 304 3963 -
326 3928 342 3977 6
358 3920 514 3995 ἡγησάμηνε
533 3935 582 3973 em.
595 3920 652 3974 Ald.
671 3951 703 3960 -
722 3925 736 3972 Ἰ
749 3915 868 3991 ὖπὸιύπὸ
880 3922 903 3972 Α
914 3935 962 3988 pr„
973 3920 1045 3988 prius
1057 3918 1159 3974 induxit
1172 3925 1194 3974 1.

197 4008 221 4064 ἰ.
241 4013 256 4062 3
274 4003 480 4063 &mmmm
489 4006 519 4067 0.

1225 238 1232 275 λ
