2550 4478
142 245 183 304 90
625 239 733 293 ΙΣλΙΟΥ
1156 263 1192 305 01,
1207 266 1227 305 τ,

142 416 277 502 ἔγνωκε·
307 413 399 501 νόμφ
427 411 490 499 γὰρ
518 415 567 498 τηῖ
596 406 729 529 ἄρχοντι
751 413 818 477 τιῦν
847 410 957 490 οίκων,
988 403 1084 488 ὅπως
1116 402 1157 478 ἂν
1179 414 1223 501 μή

90 516 374 637 11ίξερημιῦνται,
397 513 601 641 προστάττει
622 510 681 598 τήν
696 510 900 594 ἐπιμέλειαν.
946 510 1014 579 ἐκεί
1014 539 1061 632 νφ
1000 514 1116 580 ίδὲ
1138 515 1224 602 πρό-

141 605 281 707 δηλον
262 645 302 706 ην
324 610 379 684 ῦτι
401 641 429 682 ει
421 616 652 700 ’καταλείψει
675 612 733 680 τὸν
755 612 911 700 κλήρον
897 616 954 680 επὶ
981 614 1126 693 τούτοις
1149 615 1223 706 ἐ’ρη-
1257 709 1267 713 η

140 747 203 804 μον
218 720 356 808 ποιήσει
371 717 429 785 τὸν
445 714 544 785 οἶκον.
579 722 613 782 τί
628 719 834 802 προοριῦντι,·
848 714 972 792 ταύτας
993 715 1067 795 τὰς
1071 710 1223 808 ἀδελφὰς

140 823 198 891 τὸν
213 824 273 907 μὲν
287 818 545 902 Ἀπολλοδώρου
561 821 620 885 τοῦ
636 811 784 907 ἀδελφοῦ
799 820 918 905 κλήρον
934 815 1083 899 ἐχούσας,
1109 818 1222 908 ἐκείνην

141 918 173 991 δ’
200 918 258 991 οῦκ
286 922 507 999 εἰσποιοῦσας
535 916 641 987 ὄντων
664 913 781 998 αῦταῖς
803 919 945 1000 παίδων,
974 923 1031 986 καί
1059 920 1141 1000 τοῦς
1162 923 1221 1007 μὲν

141 1023 265 1112 ἄνδρας
288 1018 397 1091 αὐτῶν
418 1022 479 1110 τήν
501 1026 570 1109 χήν,
593 1020 633 1103 ἣν
656 1020 780 1100 ἐκεῖνος
797 1023 969 1103 κατέλιπε,
1001 1022 1123 1090 καὶτὰ
1146 1024 1220 1114 κτή-
1248 1091 1254 1101 ,

139 1152 231 1211 ματα
252 1131 353 1192 πέντε
378 1123 552 1190 ταλάντων
575 1122 792 1210 πεπρακότας
821 1126 876 1190 καὶ
897 1121 936 1191 τδ
966 1117 1125 1211 ῦρχῦριον
1149 1127 1220 1194 δια·
1246 1191 1249 1194 ,

141 1231 367 1309 νειμαμένους,
382 1224 441 1292 τὸν
457 1225 493 1290 δὲ
503 1220 650 1290 ,οἶκον’
615 1228 760 1344 αισχρηῦς
775 1218 881 1302 οῦτως
896 1252 949 1291 και
941 1226 1089 1304 δεινως
1106 1225 1220 1318 ἐξηρη-

88 1333 304 1412 δὶμωμένον.
349 1326 386 1405 ὃς
409 1325 448 1414 δή
471 1329 554 1391 ταῦτ
557 1318 723 1391 τδει
688 1351 748 1392 τον
769 1326 896 1392 τούτων
920 1321 1068 1415 ἀδελφὸν
1090 1355 1220 1398 πεπον·
1245 1416 1267 1425 ι

139 1429 239 1510 δότα,
263 1432 338 1507 πῶς
353 1456 394 1495 αν
410 1393 710 1516 προσεδόκήσεν
673 1426 782 1507 αοτός,
806 1426 836 1493 εί
850 1431 906 1495 καὶ
928 1429 1060 1516 φίλος’
1043 1458 1093 1518 ην,
1112 1448 1219 1516 τυχεῖν
1244 1498 1267 1505 ,

139 1535 206 1598 τιῦν
230 1526 492 1616 νομιζομένων(
472 1556 525 1596 οπ
564 1526 683 1612 αὐτῶν,
708 1524 850 1613 ῦνεψιδς
873 1557 919 1597 ων
943 1523 1021 1598 ἀλλ’
1041 1527 1100 1600 οῦκ
1123 1529 1221 1602 ῦδελ-,

141 1632 206 1721 φδς
230 1627 366 1716 αῦταῑς,·
388 1627 446 1702 οῦκ
469 1632 543 1721 ἐνῆν
566 1632 703 1701 ἐλπίσαι
732 1632 915 1722 δήπουθεν.
953 1627 1056 1701 Ἀλλὰ
1078 1636 1144 1724 μήν
1164 1631 1218 1704 ῦτι

141 1732 273 1802 δίπαιδα
297 1734 421 1802 ἐκεῖνον
443 1735 692 1822 περιεωρῦκασι
713 1738 769 1801 καὶ
791 1732 832 1799 τὰ
853 1734 1007 1822 χρήματα
1030 1737 1142 1820 ἐ’χοοσι
1162 1743 1216 1805 καί

140 1835 230 1903 οἷκον
254 1836 288 1902 ίκ
309 1840 368 1901 τοῦ
391 1839 538 1922 φανεροῦ
559 1839 820 1924 τριηραρχοῦντα
835 1829 1029 1923 ἀνῃρήκασι,
1052 1839 1147 1908 κάλει
1160 1867 1216 1926 μοι

138 1940 194 2001 καὶ
216 1935 343 2001 τούτων
364 1934 442 2012 τοὺς
463 1935 643 2020 μάρτυρας.

563 2039 785 2093 ΜΑΡΤΥΡΕΣ.

87 2133 125 2191 88
233 2120 274 2187 Εἰ
300 2127 412 2188 τοίνυν
440 2123 496 2188 καὶ
524 2125 673 2189 τοιοῦτοι
706 2119 768 2199 τὰς
798 2116 916 2211 φῦσεις
944 2129 1021 2211 περὶ
1057 2123 1213 2217 ἀλλήλους

140 2223 206 2291 εἰσὶ
228 2227 283 2292 καὶ
306 2224 428 2308 ίχδραι
450 2221 537 2309 πρὸς
552 2218 808 2312 Ἀπολλόδωρον
827 2223 885 2292 τὸν
908 2224 965 2311 ἐμὲ
988 2233 1211 2320 ποιησάμενον

138 2323 285 2415 ὑπῆρχον
315 2320 429 2404 αῦτοῖς
456 2329 651 2415 τηλικαῦται
678 2325 717 2393 τὸ
752 2331 897 2414 μέγεθος
903 2381 912 2410 ,
945 2337 981 2397 τί
1012 2335 1145 2416 βέλτιον
1173 2324 1208 2399 ῦν

139 2426 282 2513 ἔπραξεν
309 2417 332 2516 ή
360 2430 464 2493 ταῦτα
492 2429 758 2511 δουλωσάμενος
780 2422 802 2495 {i
828 2455 893 2519 περ
917 2430 1092 2522 ἐποίησεν,
1126 2432 1207 2520 εἰνή

137 2529 207 2588 Δία
228 2525 331 2591 παιδί
318 2531 369 2591 ίον
391 2525 575 2646 ἐποιήσατο
599 2528 710 2614 λαβών
738 2532 833 2619 παρά
854 2559 912 2600 τοο
938 2538 1004 2601 τιῦν
1027 2561 1053 2623 φ
1057 2531 1178 2605 λων
1160 2561 1207 2602 ον·
1257 2610 1265 2621 „

137 2650 212 2700 των,
233 2628 290 2690 καὶ
311 2625 419 2711 τούτω
447 2624 508 2714 τήν
537 2621 613 2696 οῦσί
614 2657 654 2698 αν
676 2632 815 2715 ἐ’δωκεν,·
844 2627 929 2698 ἀλλὰ
951 2632 1028 2721 [καί]
1057 2633 1151 2704 τοῦτ’
1175 2623 1206 2726 ήν
1257 2696 1267 2724 -·.

137 2721 259 2813 αδηλον
280 2729 337 2792 καὶ
359 2740 430 2804 τοῖς
452 2729 657 2817 γεννήσασιν,
680 2735 748 2800 είτε
770 2733 955 2801 σπουδαῖον
983 2735 1051 2800 είτε
1071 2737 1206 2824 μηδενὸς
1253 2792 1267 2817 ,2

86 2845 123 2901 34
139 2822 232 2905 ῦξιον
255 2826 389 2910 εμελλεν
412 2826 570 2913 ἐ’σεσθαι,
594 2832 707 2900 διδ
673 2860 731 2920 την
752 2815 843 2922 ήλίκί
844 2853 899 2900 αν·
930 2833 1010 2918 εμοῦ
1032 2836 1070 2902 δὲ
1091 2855 1206 2928 πεῖραν

137 2929 277 3020 εἰλήφει,
302 2929 500 3013 δοκιμασίαν
524 2932 639 3054 ἱκανήν
655 2933 775 3019 λαβών.
814 2937 862 3016 είς
877 2962 915 3004 τε
928 2936 991 3026 χδρ
1007 2936 1066 3005 τὸν
1081 2948 1205 3029 πατέρα
1251 2988 1266 3023 ,.

136 3035 191 3098 καλ
219 3031 319 3119 τήνχ
307 3036 434 3158 μητέρα
453 3033 512 3117 Ι
479 3060 549 3113 οιος
576 3022 615 3124 ήν
645 3029 790 3124 ἀκριβῶς
811 3034 899 3126 ήδει,
929 3043 995 3106 τιῦν
1023 3067 1042 3106 τ
1082 3043 1206 3112 οἰκείων

136 3132 279 3218 ἐπιμελῆ
299 3138 356 3199 καί
377 3127 548 3264 τῦμηωτοῦ
568 3137 730 3227 πράττειν
746 3139 1022 3224 ίπιστοίμενον·’
1008 3167 1043 3208 εν
1062 3137 1145 3234 ἀρχή
1166 3167 1205 3221 τε,
1253 3174 1258 3187 ·

135 3233 411 3320 θεσμοθετήσας,
435 3263 480 3317 ως
503 3239 659 3358 ἐγενόμην
680 3235 745 3306 οῦκ
761 3236 874 3318 ίίδικος
904 3235 981 3310 οῦδὲ
1003 3247 1208 3336 πλεονέκτης,
1253 3190 1267 3325 λ

134 3327 302 3421 ήπίστατο
332 3342 458 3436 σαφῶς.
503 3333 584 3404 ὥστ
610 3334 668 3405 οῦκ
695 3333 823 3423 ῦχνοιῦν
852 3336 937 3408 αλλὰ
966 3351 1085 3439 σαφῶς
1114 3328 1266 3422 εἰδώς
1261 3378 1267 3435 η

84 3450 121 3508 85
137 3433 247 3502 ἐποίει
269 3463 312 3521 με
326 3443 392 3506 τῶν
409 3437 509 3522 αὑτοῦ
523 3438 645 3524 κύριον.
689 3442 744 3511 καὶ
767 3439 831 3528 μήν
847 3436 923 3510 οῦδὲ
939 3439 1116 3532 ἀλλότριον
1131 3438 1206 3517 αλλ

135 3532 216 3604 ὄντα
239 3533 448 3630 ἀδελφιδοῦν,
472 3533 543 3606 οῦδ
571 3537 611 3605 αῦ
633 3540 750 3630 μικρὰ
758 3545 947 3624 πεπονθώς
975 3543 1061 3615 ἀλλὰ
1083 3553 1216 3638 μεγάλα

135 3664 1214 3693 mmm

219 3721 282 3780 8ο.
287 3745 323 3781 ωε
340 3744 387 3794 pn,
403 3741 468 3778 corr.
482 3730 511 3780 1.
580 3727 624 3783 31.
642 3723 762 3784 λίπ’
738 3751 761 3784 τι
777 3733 804 3784 in
822 3736 900 3786 ηαδ
917 3735 971 3787 1111.
986 3751 1050 3791 corr.
1066 3741 1136 3789 -1-
1154 3738 1213 3792 119

133 3808 338 3881 ίξιρημομίνον
356 3826 401 3878 pn,
419 3826 483 3864 οοπ.
494 3816 526 3865 ’1.
589 3811 633 3868 88.
655 3818 666 3866 1
686 3810 811 3882 ἀλλήία..
830 3834 876 3885 pr„
895 3833 959 3870 οοπ.
981 3825 991 3873 1
1011 3850 1045 3863 -
1064 3825 1079 3876 3
1098 3819 1213 3875 αὐταῖσι

134 3910 181 3948 em.
200 3896 262 3951 Bsk.
281 3925 316 3936 -
332 3900 348 3947 4
366 3894 391 3945 τί
408 3901 438 3948 ο1
455 3896 507 3953 vid.
519 3913 557 3964 pr.
575 3900 617 3964 (οἱ.
630 3899 709 3966 Nbr.),
727 3895 745 3968 ἢ
763 3898 827 3956 bort.
844 3906 853 3955 1
873 3931 907 3943 -
925 3908 940 3956 6
959 3907 1005 3954 καί
1022 3904 1072 3958 del.
1090 3906 1149 3958 Dbr.

132 3978 177 4034 34.
195 3983 209 4033 2
228 3981 300 4032 εἴστι
317 3995 380 4033 corr.
399 3983 423 4044 2,
440 3979 499 4033 ’ίστι
517 3998 554 4049 pr.
