2572 4476
20 116 39 157 ε..
78 128 135 181 Qu.
365 107 441 161 ΠΕΡΙ
457 108 523 164 ΤΟΥ
538 108 679 163 mmmm:
697 110 834 165 ΚΔΗΡΟΥ.
1081 110 1141 174 ¹05

10 294 17 353 ἰ
71 280 191 365 ἔχομεν,
220 277 338 362 σχεδόν
365 302 398 344 τι
424 282 508 345 ταῦτ
510 266 701 362 ³5Qum,
675 306 701 346 ιυ
732 275 862 368 ἀνδρες·
891 282 922 349 εἰ
944 282 980 350 δέ
1003 282 1086 352 είδεί
1073 291 1144 374 ίητε

11 430 13 437 ,
67 380 123 502 τήν
137 381 324 456 Διοκλέους
347 372 590 467 ἀναισχυντίαν,
612 383 667 448 καί
683 384 762 470 περί
783 408 825 448 τα
813 378 927 449 άλλα
949 383 1021 463 οίύς
1043 384 1142 469 ἐστιν,

65 477 120 551 ούκ
135 473 179 551 ἀν
203 475 431 572 ἀπιστήσαιτε
449 486 518 550 τῶν
533 483 713 573 εἰρημένων
729 477 850 552 ούδενί.
888 480 984 565 οὗτος
1005 488 1118 573 μὲν
1080 514 1143 576 χαρ

60 586 128 670 ἔχει
156 584 223 674 τήν
253 579 379 667 σι’·σίαν,
415 578 476 673 ἀφ’
501 579 540 673 ής
570 590 626 653 νῦν
654 585 725 654 έστι
754 589 924 676 λαμπρός,
955 583 1142 676 ἀλλοτρίαν,

59 681 224 778 ἀδελφῶν
251 691 354 776 τριῶν
382 684 594 778 ὁμομητρίων
630 687 817 779 ἐπικλήρων
850 693 1144 780 καταλειφθεισῶν

56 787 164 858 αὑτὸν
188 794 240 878 τῴ
263 793 368 879 πατρὶ
390 784 499 859 αὐτῶν
514 791 724 879 είσποιήσας,
749 787 907 877 οὐδεμίαν
923 793 1047 862 ἐκείνου
1065 798 1144 882 περὶ

53 892 193 961 τούτων
220 899 451 982 ποιησαμένου
479 893 653 984 διαθήκην.
709 909 782 963 τοῖν
811 891 843 962 δ’
876 891 1040 986 ἀδελφαῖν
1071 911 1143 966 τοῖν
1160 910 1196 967 41

55 1000 156 1066 δυοῖν
181 994 302 1086 ἐπειδή
325 995 366 1062 τὰ
387 996 540 1086 χρήματα
563 997 800 1087 εἰσεπράττετο
822 996 889 1067 ύπὸ
913 1004 980 1068 των
1003 999 1144 1080 ἐκείναις

10 1120 12 1127 ·
54 1098 318 1185 συνοικούντων,
345 1099 404 1167 τὸν
426 1100 486 1184 μὲν
508 1098 568 1188 τήν
596 1106 822 1191 πρεσβυτέραν
849 1102 965 1187 ἐ’χοντα
991 1131 1144 1173 κατοικο-

55 1201 218 1291 δομήσας
245 1203 300 1268 καί
331 1199 572 1287 ἐπιβουλεύσας
593 1196 754 1291 ήτίμωσε,
784 1208 840 1272 καί
866 1204 997 1295 γραφήν
1018 1199 1145 1294 ύβρεως

52 1305 209 1393 γραφεὶς
231 1296 365 1370 οὗδέπω
379 1303 507 1370 τούτων
522 1304 614 1394 δίκην
637 1305 768 1387 δέδωκε,
791 1310 850 1395 τής
869 1307 905 1373 δὲ
926 1302 999 1391 μετ’
1019 1307 1144 1395 ἐκείνην

52 1410 243 1495 γενομένης
263 1403 322 1471 τὸν
345 1400 450 1493 ἀνδρα
472 1401 668 1474 ἀποκτεῖναι
688 1407 846 1485 κελεύσας
871 1407 999 1496 οἰκέτην
1022 1407 1145 1475 ἐκεῖνον

53 1511 121 1596 μὲν
137 1507 323 1594 ἐξέπεμψε,
341 1505 401 1595 τὴν
416 1501 448 1574 δ’
467 1509 578 1576 αἰτίαν
594 1509 642 1588 εἷς
656 1507 716 1596 τήν
732 1503 880 1598 ἀδελφήν
896 1508 1026 1595 ἔτρεψε,
1042 1537 1144 1577 κατα·
1157 1522 1195 1579 42

53 1611 197 1702 πλήξας
221 1611 258 1677 δὲ
278 1623 354 1689 ταῖς
376 1607 479 1678 αὑτοῦ
498 1612 690 1701 βδελυρίαις
712 1611 973 1703 προσαφήρηται
991 1614 1050 1681 τὸν
1071 1613 1145 1682 υἱὸν

57 1709 169 1782 αὗτοῦ
197 1711 259 1801 τήν
282 1706 399 1780 οὗσίαν
421 1711 684 1802 ἐπιτροπεύσας,
712 1719 770 1782 καὶ
797 1722 924 1799 κατέχει
952 1715 1011 1784 τὸν
1033 1709 1144 1804 ἀγρόν,

57 1818 194 1906 φελλέα
224 1815 261 1881 δὲ
291 1814 407 1903 [χωρία
437 1811 532 1904 Qua]
561 1815 674 1938 ἐκείνην
698 1817 829 1885 δέδωκε.
880 1822 935 1886 καί
964 1823 1069 1887 ταῦτα
1092 1813 1145 1888 ὅτι

59 1914 182 2009 ἀληθῆ
205 1919 299 2004 λέγω,
323 1919 454 1985 δεδίασι
476 1912 664 2002 μέναύτόν,
689 1914 868 1998 ἰ”σωςδ
846 1948 886 1987 αν
908 1925 1035 2007 μοικαὶ
1059 1947 1144 2040 μαρ·

58 2025 209 2111 τυρήσαι
224 2018 420 2107 θελήσειαν·
445 2045 474 2086 ει
465 2019 586 2086 'QQ'
541 2047 597 2109 μη,
615 2019 694 2141 τοής
710 2020 842 2098 εἰδότας
856 2022 1043 2110 παρέξομαι
1060 2021 1145 2107 μάρ-

60 2147 178 2213 τυρας.
224 2128 294 2189 Καί
314 2147 373 2206 μοι
395 2121 488 2189 κάλει
510 2122 606 2208 δεῦρο
631 2117 751 2199 αύτούς
773 2127 916 2209 πρῶτον.

495 2243 717 2296 ΜΑΡΤῩΡΕΣ.

158 2318 256 2393 0va
270 2332 383 2392 τοίνυν
398 2316 580 2414 ἀσελγής
553 2352 599 2392 ων
613 2328 669 2392 καί
691 2331 805 2411 βίαιος
817 2328 873 2393 καὶ
888 2324 948 2416 τήν
966 2330 1032 2394 τῶν
1049 2319 1146 2394 ἀδελ·
1160 2338 1198 2396 43

66 2415 143 2548 (ηῶν
172 2421 291 2546 QQoQav
319 2421 554 2517 ἀπεστερηκὼς
584 2422 641 2495 οὐκ
671 2422 787 2518 ἀγαπᾷ
815 2427 857 2495 τὰ
892 2428 1073 2497 έκείνων’
1056 2456 1147 2514 εχων,

68 2521 184 2596 ἀλλΗ
171 2522 226 2596 άτι
249 2529 342 2623 δίκην
365 2523 524 2614 οὐδεμίαν
547 2523 656 2598 αύτιῦν
679 2525 876 2613 δέδωκεν,”
854 2557 925 2620 ηκει
947 2536 1001 2599 καὶ
1024 2531 1066 2598 τά
1088 2535 1148 2599 τοῦ

68 2615 218 2698 πάππου
238 2631 391 2722 χρήματα
406 2627 495 2721 ήμάς
510 2624 760 2721 ἀποστερήσων,
783 2636 839 2700 καὶ
854 2632 961 2719 τούτω
979 2632 1037 2699 δύο
1052 2638 1145 2718 μνᾶς,

69 2731 113 2812 ὦς
142 2727 315 2819 ἀκούομεν,
335 2735 340 2821 Ι
359 2732 464 2819 μόνας
493 2733 645 2811 δεδωκώς
673 2728 711 2800 oQ
740 2733 843 2818 μόνον
866 2697 950 2819 περί
971 2733 1147 2820 χρημάτων

68 2831 156 2924 ἡμᾶς
187 2828 273 2903 ἀλλὰ
301 2838 359 2903 καὶ
388 2838 466 2921 περὶ
496 2837 556 2923 τής
584 2860 674 2922 πατρ
678 2834 806 2912 δίος’
776 2859 824 2912 εις
852 2832 1021 2911 κινδύνους
1045 2840 1148 2902 καθί-

71 2960 197 3028 στησιν.
250 2936 308 3004 ἐὰν
340 2936 414 3059 QQQ
432 2932 715 3027 ἐξαπατηθῆτε(
697 2951 792 3022 υμεῖς
820 2941 1021 3014 πεισθέντες
1052 2931 1098 3015 ιύς
1126 2933 1145 3026 Q

70 3039 175 3130 μήτηρ
197 3035 293 3127 ήμῶν
315 3034 373 3107 οὐκ
394 3025 434 3129 ήν
456 3042 600 3122 πολῖτις,
623 3033 741 3106 oQQ‘
722 3053 818 3128 ημεῑς
840 3037 955 3123 ἐσμεν
983 3032 1056 3125 ηἰετ
1083 3031 1148 3106 EQ·

142 3225 189 3281 4⁰.
205 3230 220 3280 2
238 3247 266 3279 τι
283 3245 330 3296 με,
347 3246 390 3280 τοι
407 3244 470 3281 corr.
487 3233 498 3280 1
518 3257 552 3268 -—
569 3225 778 3294 δάπιστήσαιτε
795 3224 899 3294 Rsk.,'
903 3224 1064 3295 πιοτήοαιτ’
1082 3229 1148 3282 ι’σωε

26 3345 29 3353 ·
73 3297 329 3378 8ι1ιυ.;ἀπιστῆσαι
349 3329 390 3365 τιε
407 3342 440 3352 -
459 3317 473 3364 Q
492 3316 547 3378 Ιχει
564 3313 662 3366 Baiterz
681 3313 734 3378 εἶχε
752 3344 785 3353 -
803 3319 819 3368 6
837 3316 923 3385 τριῶν
941 3331 1004 3368 corr.
1017 3318 1041 3378 Q,
1059 3315 1147 3366 τινῶν

73 3412 107 3462 pr.
181 3396 224 3452 41.
242 3404 258 3450 4
276 3391 389 3466 ἠτίμασε
413 3397 532 3450 Schoem.
556 3426 589 3436 —
613 3393 744 3452 QQ‘QQxa:
769 3414 817 3451 em.
836 3399 990 3465 wesseling.
1066 3395 1146 3451 424

73 3528 200 3600 ηελλεᾶδε
216 3538 305 3602 χωρία
326 3525 381 3584 άτα
398 3549 444 3600 με,
469 3514 568 3601 φελλεά
588 3529 618 3585 δε
636 3540 662 3587 et
685 3502 739 3586 QQa
756 3549 820 3587 corr.
842 3536 869 3585 1:
893 3529 991 3601 φέλίεα
1012 3527 1043 3584 δὲ
1059 3536 1146 3598 χωρία

73 3612 142 3670 ἅττα
160 3618 316 3685 wesseling,
335 3614 405 3669 ἄττα
423 3633 481 3669 cum
500 3616 566 3682 ΑΙδ,
583 3622 671 3687 χωρία
688 3615 759 3670 ἅττα
777 3617 826 3669 del.
839 3616 901 3669 Rsk.
936 3617 973 3670 Cf.
986 3615 1106 3683 Harpocr.
1119 3631 1145 3666 ν.

73 3699 185 3769 ηελλία·
201 3699 297 3756 Ἰσαῖος
314 3704 345 3753 ἰν
362 3702 403 3767 τῷ
422 3706 485 3770 περὶ
502 3701 551 3753 τοῦ
563 3705 690 3771 Κίρωνοε
706 3699 852 3769 (κήριννοεε
871 3716 919 3752 em.
932 3698 1068 3763 Blancard)
1085 3695 1146 3763 κλή-

73 3805 124 3855 ρου.
154 3785 191 3841 τὰ
201 3783 331 3859 πετρώδη
343 3789 389 3837 καὶ
407 3785 535 3855 αἰχίβοτα
545 3790 634 3855 χωρία
645 3782 758 3855 φυλλίαν
769 3781 883 3837 ἐκάλουν
899 3813 933 3823 -
952 3790 967 3838 6
985 3777 1147 3843 ἐθελήσειαν

73 3886 134 3925 corr.
156 3878 177 3926 1.
246 3871 291 3928 48.
311 3876 326 3925 2
344 3867 538 3942 ἀπεστερηκὼς
555 3888 602 3939 με,
621 3887 685 3925 corr.
707 3875 728 3923 1.
