2550 4478
58 264 82 304 ιι.
96 271 116 310 ν.
317 252 392 304 ΠΕΡΙ
409 252 473 306 ΤΟΥ
491 251 714 307 ΜΕΝΕΚΛΕΟΥΣ
732 250 871 305 ΚΛΗΡΟΥ.
1095 249 1133 309 17

58 421 112 509 ἔφη
137 420 210 488 δεῖν
233 421 356 511 ἐκείνην
378 426 437 510 τῆς
456 420 682 511 χρηστότητος
703 424 761 508 τῆς
783 419 903 508 ἑαυτῆς
924 425 1023 489 τοῦτο
1042 416 1132 488 ἆτιο·

58 524 182 605 λοῦσαι,
204 520 336 591 ἄπαιδα
351 527 557 611 καταστῆναι
572 521 912 611 σομκαταχηρύσασαν
927 519 1033 610 αύτηῖ·
1058 525 1130 592 ίκα·

58 624 106 702 νδς
127 625 190 713 γὰρ
214 626 278 715 ἔφη
303 620 404 705 ούτδς
427 619 554 708 ἀτυχιύν
578 621 675 692 είναι.
713 623 812 711 [ταδ’
798 649 833 692 εκ
853 623 976 712 ταύτης
995 629 1054 712 της
1077 627 1130 692 λέ·
1147 639 1166 695 8

58 725 132 804 ξεως
156 721 299 812 δῆλον”
280 755 334 795 οτι
357 730 466 817 φιλῶν
490 721 696 811 ἂντεςίάλετο·
721 719 832 805 ούδείς
853 724 917 813 γὰρ
933 730 1041 809 μισούν
1057 751 1131 794 τινα

58 828 189 895 ἱκετεύει
222 823 336 916 αύτηῖ]
389 828 495 897 ἐδεῖτο
531 827 588 895 ούν
615 823 710 949 ἡμρῖν
740 828 857 895 δοῦναι
886 826 984 914 χάριν
1012 827 1132 916 ταύτην

58 926 150 1016 ούτιύ,
175 930 329 998 ἐκδοῦναι
352 926 443 1017 ἰύλλιο
468 924 570 1050 αύτην
592 929 676 1015 μετὰ
698 932 758 1017 τῆς
779 927 911 1017 γνώμης
928 933 987 1018 τῆς
1002 927 1132 996 ἑαυτοῦ.

58 1033 103 1147 ιαί
132 1027 229 1119 ἡμεῖς
258 1031 449 1116 εκελεύομεν
474 1024 573 1099 αὐτὸν
602 1036 739 1100 πείθειν
762 1025 864 1120 αὐτὴν
885 1034 966 1154 περὶ
987 1030 1131 1099 τούτων·

58 1125 125 1199 ν’τι
146 1132 209 1255 γὰρ
233 1124 338 1218 (δὴ)
324 1160 375 1201 εκε
377 1141 429 1222 ίνη
452 1137 593 1222 πεισθῇ,
615 1128 708 1201 τούτ
727 1133 1037 1223 ἐφαμεντιοιήσειν.
1071 1125 1130 1199 κύ·
1147 1143 1166 1200 9

58 1241 138 1324 ιείνη
157 1235 195 1303 τὸ
209 1237 270 1321 μὲν
289 1262 424 1324 τιροιτον
440 1230 513 1303 οὐδ’
532 1230 680 1325 ἠνέσχετ
696 1230 797 1305 αὐτου
785 1238 974 1323 λέγοντος,
991 1234 1131 1325 προῖόν-

58 1363 106 1416 τος
128 1339 164 1404 δὲ
187 1343 247 1404 τού
267 1339 386 1426 χρόνου
415 1339 514 1422 μόλις
543 1337 707 1428 ἐπείσθη·
737 1341 793 1405 καί
824 1330 929 1418 ούτως
960 1337 1130 1421 ίκδίδομεν

58 1432 152 1528 αύτην
177 1434 271 1506 Ἠλεί
259 1446 299 1526 ίῳ
320 1447 497 1559 Σφηττίῳ,
526 1443 583 1507 καὶ
611 1467 628 1508 ο
618 1436 827 1527 ἰΜενεκλης
855 1439 914 1526 τήν
941 1464 979 1506 τε
1007 1453 1131 1526 προῖκα

58 1534 156 1608 ιἰτιοδί
158 1541 263 1607 διοσιν
291 1535 452 1628 αὐτης,ι
440 1540 613 1624 μετασχών
641 1545 699 1608 τοῦ
729 1541 822 1608 οίκου
848 1543 942 1626 τῆςι
929 1537 1133 1624 μισθώσεως

58 1646 115 1708 ιιῦν
140 1643 277 1708 παίδων
300 1645 358 1707 τού
383 1646 515 1722 Νικίου,
537 1644 594 1707 καὶ
615 1640 657 1707 τὰ
681 1639 815 1724 ιμύτια,
840 1667 860 1705 α
853 1627 1030 1730 ηλθεν’
1013 1662 1132 1723 εχοισα

58 1770 123 1829 αορ
167 1742 300 1822 ἐκεῖνον,
323 1743 378 1807 καὶ
400 1740 443 1807 τὰ
462 1765 546 1830 χρυσ
548 1740 672 1868 ίδιοη,“
652 1769 673 1807 α
687 1729 789 1828 ην,ί
754 1742 774 1808 δ
776 1735 947 1809 ίδιοσιν’
908 1767 1002 1862 αντη.
1047 1741 1130 1826 μετὰ
1148 1753 1184 1809 111

58 1845 87 1910 δὲ
103 1869 213 1909 ταυτα
224 1841 344 1931 χρόνον
361 1843 536 1930 διαχενομ
506 1869 593 1911 ιενου
609 1841 746 1912 εσκύττει
757 1869 775 1911 ο
765 1837 995 1932 “Μενεκλῆς”
975 1868 1072 1922 οττιος
1085 1871 1129 1932 μη

58 1945 163 2012 ἔσοιτο
181 1940 297 2024 διταις,
315 1938 390 2009 ἀλλ’
409 1943 521 2013 ἔσοιτο
538 1939 628 2033 αύτῷ
642 1938 680 2025 ύς
694 1970 746 2024 τις
762 1944 867 2026 ζῶντα
881 1945 1130 2036 χηροτροφήσοι

58 2051 105 2113 καί
120 2046 363 2134 τελευτήσαντα
379 2045 496 2132 θύψοι
519 2045 619 2115 αύτδν
640 2050 697 2115 καί
721 2047 769 2126 είς
791 2047 849 2115 τὸν
872 2047 991 2118 ἐ’ττειτα
1010 2050 1129 2136 χρόνον

58 2148 92 2214 τὰ
115 2148 315 2233 νομιζόμενα
339 2141 428 2234 αὕτη]
456 2147 606 2235 ποιήσοι.
650 2149 757 2238 τούτῳ
786 2150 846 2235 μὲν
875 2138 933 2218 ούν
961 2149 1050 2236 ίοίρα
1074 2151 1130 2217 ἕνα

58 2251 153 2331 μόνον
169 2249 243 2317 υίδν
260 2245 351 2330 ὅντα,
375 2242 462 2315 ὥστε
484 2247 592 2316 ἐδόκει
616 2244 705 2338 αύτῷ
729 2249 866 2337 αίσχρδν
889 2248 976 2318 είνοιι
999 2247 1131 2318 ύτταιδα

58 2356 167 2418 τοῦτον
182 2350 395 2417 καθιστάντα
411 2344 557 2439 ἀρρένων
579 2350 714 2418 παίδων
737 2348 828 2438 αδτηῖ
849 2351 992 2421 κελεύειν
1015 2353 1131 2421 δοῦναι

58 2458 167 2520 τοῦτον
191 2452 473 2539 εἰσινοιήσασθαι.
511 2444 659 2540 εύρισκεν
674 2439 732 2520 οὖν
747 2446 867 2521 οὐδένα
889 2449 991 2523 ἄλλον
1008 2454 1131 2523 οίκειύ-
1148 2467 1182 2522 11

58 2580 145 2643 τερον
168 2548 248 2622 ὄνθ’
274 2551 370 2642 ἡμῶν
393 2552 510 2640 ἑαυτῷ.
556 2553 672 2641 λόγους
688 2541 745 2623 ούν
760 2554 848 2643 πρὸς
865 2552 954 2646 ἡμᾶς
968 2555 1129 2639 ἐποιεῖτο,

58 2660 106 2724 ιαὶ
129 2657 193 2744 ἔφη
218 2657 326 2722 δοκεῖν
351 2649 440 2742 αύτῷ
461 2657 570 2732 καλῶς
593 2654 693 2739 ἔχειν,
723 2654 841 2748 ίτιειδὴ
868 2651 973 2737 ούτιος
997 2654 1087 2747 αύτηῖ
1110 2657 1128 2748 ἦ

58 2757 128 2847 τύχη
152 2762 271 2845 συνέβη
296 2749 382 2824 ιύστε
405 2756 440 2824 ἐκ
467 2761 527 2846 τῆς
556 2751 704 2845 ἀδελφῆς
730 2763 789 2846 τῆς
818 2755 981 2847 ἡμετέρας
1004 2761 1131 2839 παῖδας

58 2853 142 2946 νύτηῖ
165 2858 209 2947 μὴ
232 2864 403 2947 γενέσθαι,
427 2858 461 2925 ἐκ
483 2857 605 2946 ταύτης
627 2861 685 2944 τῆς
708 2859 816 2935 οἰκίας
831 2859 904 2926 υίδν
925 2856 1015 2943 αύτῷ
1031 2859 1131 2946 ποιή-

58 2965 193 3046 σασθαι,
217 2954 301 3027 ὅθεν
323 2962 380 3026 καὶ
403 2958 504 3047 φύσει
527 2957 654 3034 παῖδας
677 2956 845 3046 ἐβουλήθη
867 2948 907 3023 δν
931 2953 1021 3043 αὑτηῐ
1042 2964 1132 3044 γενέ-

58 3069 153 3129 ιθαι·
179 3059 291 3147 »ὑμῶν
315 3049 391 3129 ούν“
417 3059 481 3149 ’ἔφη
506 3057 691 3144 ,ηίούλομαι
704 3055 763 3125 τὸν
779 3057 890 3146 ἕτερον
905 3057 1130 3147 ποιήσασθαι,

58 3161 206 3252 ὅποτέρῳ
229 3160 321 3249 ὑμῶν
342 3165 451 3240 καλιᾶς
474 3160 572 3246 ἐ’χει.“
617 3164 673 3228 καί
695 3153 880 3249 ὁύδελφδς
900 3156 918 3229 δ
936 3158 1016 3245 ἐμὸς
1032 3155 1129 3231 ύκού-
1147 3171 1183 3228 12

120 3410 184 3471 5sq.
202 3398 309 3454 ἄπαιδα
326 3417 439 3454 ιιοταστ,
453 3416 526 3472 σνγιι.
540 3395 617 3465 αύτῷ
630 3398 713 3460 01110
732 3429 764 3439 -
783 3403 799 3451 6
816 3395 925 3464 ἀτυχῶν
936 3402 989 3471 ἔφη
1001 3398 1082 3455 αύτδε
1100 3403 1129 3462 0.

120 3488 146 3543 8.
167 3492 230 3555 lsq.
248 3488 328 3553 gloss.
344 3485 394 3538 del.
407 3484 512 3554 Sauppe
529 3512 564 3523 -
581 3487 596 3536 1
616 3480 726 3549 δηίοῖΑ
743 3512 778 3522 -
794 3479 996 3551 ἀπεβάίίιτοθ
1014 3516 1048 3524 -
1066 3504 1131 3536 τινα

58 3572 132 3633 11110
151 3603 185 3612 -
205 3565 347 3631 3οιύτδνο
366 3600 399 3610 -
417 3573 433 3624 6
451 3562 557 3621 ἃνοδδ.
570 3566 630 3619 Dbr.
648 3596 682 3606 -
699 3567 813 3633 ποιῆσαι
825 3566 853 3628 0.
914 3568 940 3625 9.
959 3571 1130 3640 4σφητίοιΑ

58 3687 83 3695 -
107 3662 122 3710 5
141 3652 318 3710 ἐπιδίδωσιν
338 3671 386 3707 em.
404 3653 512 3708 Jenicke
531 3681 563 3690 -
587 3647 669 3717 αὐτῆς
686 3651 718 3706 δυ
735 3667 806 3705 meo:
825 3649 902 3706 αὐτῶ
918 3683 952 3692 -
970 3657 986 3708 6
1003 3653 1063 3705 τῶν
1083 3656 1131 3705 Νι-

58 3746 108 3794 ιίον
120 3741 170 3793 Bk.
187 3771 222 3780 -
241 3745 254 3792 ἵ
274 3741 377 3791 ἐκείνου
389 3739 418 3800 Q.
487 3736 531 3791 10.
549 3738 564 3788 3
584 3734 676 3800 ζῶντά
686 3737 751 3808 7⁸0
769 3765 802 3778 ·—
820 3734 1049 3808 γηροτροφήσοιο
1063 3742 1088 3789 et
1102 3738 1131 3789 rt.

58 3827 96 3879 Al
112 3856 145 3864 -
158 3829 174 3877 4
188 3818 272 3877 αι’νιδν
280 3840 331 3878 om.
344 3823 364 3884 Q
378 3853 408 3863 -
424 3815 556 3887 ὅποιῆσοι
568 3819 588 3881 0
602 3825 661 3873 -7
676 3817 766 3888 αύτῷε
785 3817 871 3873 αύτιῦ.
884 3821 905 3871 A
918 3849 951 3860 -
964 3824 978 3872 ’ί
992 3817 1092 3871 κελεύει
1101 3821 1130 3880 0.

119 3912 161 3963 11.
181 3914 203 3963 1.
222 3904 380 3979 εύρίσιιομεν
398 3908 418 3969 Q
437 3936 471 3945 -
494 3909 509 3959 2
528 3903 612 3958 αδτιῦ.
630 3906 652 3957 A
671 3922 717 3973 pn,
740 3903 829 3955 ἑαυτῶ
847 3919 911 3955 corr.
934 3909 942 3954 l
968 3930 1002 3943 -
1020 3905 1035 3954 3
1056 3898 1131 3966 αύτῷ

58 4001 111 4061 post
129 3986 217 4046 οὕτως
235 4009 286 4046 om.
306 3992 326 4052 0
345 4020 377 4030 -—
397 3997 411 4046 8
429 3987 564 4062 ὁποτέρου
582 3990 614 4040 A.
682 3985 726 4041 12.
748 3991 759 4039 1
779 3980 794 4037 ὃ
812 3985 873 4053 ίμδτ
891 4001 941 4038 om.
961 3985 982 4035 A

104 4087 188 4128 meus.
930 4073 945 4120 2
