2550 4478
173 265 213 326 16
659 265 767 318 ιειιοι
1185 283 1247 326 οτι

172 431 306 521 άνδρες,
336 437 436 523 φίλος
462 420 502 523 ἦν
528 437 584 501 καὶ
613 433 804 523 ἐπιτήδειος
832 434 1012 511 Μενεκλεῖ,
1046 434 1103 498 καὶ
1135 430 1244 522 ἐχρῆτο

170 538 317 615 οἰκείως·
361 522 444 622 ἦμεν
467 536 503 602 δὲ
526 529 616 622 αότηλ
639 535 761 614 παῖδες
782 540 936 620 τέτταρες
958 529 1069 620 ἡμεῖς,
1101 533 1161 600 δόο
1191 537 1244 619 μέν

172 640 269 720 υἱεῖς,
301 637 359 705 δόο
389 639 424 704 δὲ
450 640 643 724 θυγατέρες.
687 634 944 724 τελευτησαντος
974 636 1009 701 δὲ
1031 639 1091 701 τοῦ
1120 636 1244 724 πατρὸς

79 741 82 746 ’
172 739 342 824 έκδίδομεν
364 735 460 829 ἡμεῖς
481 737 542 826 την
570 742 798 826 πρεσβυτέραν
828 731 992 825 άδελφήν,
1024 735 1142 827 ἐπειδὴ
1168 735 1243 821 εἶχεν

134 853 156 907 4
174 834 273 929 ιῖίραν,
289 835 510 929 Λευκολόφηι,
532 854 656 926 προῖκα
671 838 844 917 ἐπιδόντες
861 838 966 905 ε’ίκοσι
980 842 1075 921 μνᾶς.
1110 843 1168 906 καὶ
1184 833 1239 906 ἀπ’

172 940 296 1010 ἐκείνου
320 947 379 1009 τοῦ
399 936 518 1028 χρόνου
541 941 688 1029 τετάρτῳ
712 941 778 1008 ’έτει
799 931 820 1027 ἢ
844 946 989 1026 πέμπτῳ
1013 933 1152 1028 ὕστερον
1176 934 1242 1030 ἥτε

172 1038 300 1132 ἀδελφὴ
330 1040 451 1132 ἡμῖνὴ
482 1048 626 1130 νεωτέρα
649 1041 765 1126 σχεδόν
786 1038 919 1131 ἡλικίαν
942 1039 1026 1124 εἶχεν
1053 1035 1150 1131 άνδρί
1174 1065 1241 1109 ουν·

172 1158 283 1226 οικεῖν,
305 1148 363 1211 καὶ
384 1148 433 1231 τηλ
455 1145 620 1211 Μενεκλεῖ
641 1139 660 1231 ἡ
683 1143 760 1232 γυνὴ
784 1146 921 1233 τελευτᾷ
935 1143 975 1233 ἣν
992 1140 1058 1227 εἶχε
1074 1142 1239 1232 πρότερον.

170 1244 287 1333 ἐπειδὴ
306 1232 363 1313 οἷον
379 1243 484 1333 ἐκείνῃ
499 1245 541 1312 τὰ
553 1245 752 1330 νομιζόμενα
772 1245 929 1334 ἐποίησεν
948 1242 1162 1332 όΜενεκλης,
1178 1241 1241 1332 ᾔτει

169 1346 230 1435 τὴν
253 1342 400 1435 άδελφην
422 1343 520 1434 ἡμᾶς,
544 1341 805 1435 ὑπομιμνῄσκων
826 1348 886 1436 τήν
908 1372 945 1414 τε
968 1349 1086 1437 φιλίαν
1109 1345 1169 1435 την
1190 1348 1240 1413 τοό

171 1448 301 1538 πατρός
326 1453 383 1516 καὶ
409 1448 537 1532 ἑαυτοῦ,
564 1453 620 1517 καὶ
642 1446 687 1529 ιδς
711 1449 798 1538 πρός
823 1446 911 1540 ἡμᾶς
927 1444 1048 1526 αότοός
1064 1435 1105 1537 ἦν
1125 1450 1241 1517 διακεί-

135 1561 155 1616 6
172 1571 286 1636 μενος·
309 1553 366 1618 καὶ
380 1548 475 1640 ἡμεῖς
491 1551 616 1630 εἰδότες
639 1545 693 1620 ότι
708 1555 763 1619 καί
778 1549 796 1619 ό
813 1549 925 1640 πατὴρ
941 1544 1051 1618 οόδενί
1068 1541 1108 1618 άν
1131 1550 1242 1618 ἔδωκεν

170 1646 265 1741 ἥδιον
280 1644 301 1741 ἢ
317 1651 440 1741 ἐκείνην,
458 1653 593 1737 δίδομεν
610 1647 710 1742 αότηλ,
727 1647 784 1721 οόκ
800 1648 973 1741 άπροικον,
989 1648 1035 1730 ὦς
1051 1647 1146 1730 οὗτος
1160 1654 1242 1737 λέγει

170 1754 341 1837 ἑκάστοτε,
372 1750 456 1823 άλλά
485 1754 545 1842 τὴν
567 1755 642 1843 ’ίσην
665 1770 790 1846 προῖκα
813 1754 983 1831 ἐπιδόντες
1004 1747 1110 1841 ἥνπερ
1132 1756 1189 1820 καὶ
1207 1756 1244 1839 τῇ

132 1858 135 1863 ’
170 1862 381 1945 πρεσβυτέρᾳ
404 1851 533 1944 ἀδελφῇ
556 1855 735 1939 έπέδομεν·
759 1860 815 1923 καί
838 1855 873 1922 ἐκ
894 1860 954 1923 τοῦ
975 1855 1105 1942 τρόπου
1120 1854 1244 1935 τούτου,

171 1958 335 2046 πρότερον
356 1952 450 2034 όντες
472 1950 574 2023 αότοῦ
596 1959 701 2045 φίλοι,
724 1963 925 2045 κατέστημεν
948 1956 1075 2024 οἰκεῖοι.
1114 1960 1183 2024 Καί
1206 1951 1247 2033 ὥς

170 2059 288 2146 ἔλαβεν
316 2058 423 2127 ε’ίκοσι
450 2061 535 2144 μνᾶς
565 2054 582 2125 ό
606 2061 780 2147 Μενεκλῆς
808 2059 866 2127 ἐπὶ
894 2063 934 2147 τῇ
962 2054 1091 2147 ἀδελφῇ
1114 2074 1245 2149 προῖκα,

168 2165 229 2250 τῆν
250 2166 435 2249 μαρτυρίαν
457 2159 580 2249 ταύτην
602 2165 738 2249 πρῶτον
759 2160 926 2246 βούλομαι
947 2166 1201 2249 παρασχέσθαι.

604 2282 820 2336 MAPTYPIA.

133 2379 155 2432 6
253 2357 418 2442 Ἐκδόντες
441 2371 552 2432 τοίνυν
573 2362 635 2444 τάς
663 2359 828 2453 άδελφάς,
858 2350 884 2431 ὦ
916 2361 1048 2452 άνδρες,
1077 2369 1134 2433 καί
1157 2362 1248 2445 όντες

172 2457 268 2531 αὐτοί
296 2463 330 2530 έν
358 2460 472 2553 ἡλικίη
499 2464 557 2533 ἐπὶ
586 2465 624 2533 τό
656 2466 903 2555 στρατεύεσθαι
925 2466 1164 2555 ἐτραπόμεθα,
1194 2471 1249 2536 καί

172 2558 434 2655 ἀπεδημήσαμεν
456 2566 540 2651 μετὰ
559 2561 765 2654 Ἰφικράτους
788 2569 836 2646 εἰς
861 2569 1010 2659 Θρηίκην·
1041 2569 1110 2637 ἐκεῖ
1131 2570 1168 2636 δὲ
1191 2569 1249 2637 δό-

171 2667 285 2744 ξαντές
306 2692 365 2733 του
389 2663 476 2735 εἶναι
498 2664 588 2747 άξιοι
605 2669 912 2758 περιποιησάμενοί
925 2697 958 2738 τι
978 2671 1250 2757 κατεπλεύσαμεν

172 2767 278 2856 δεῦρο,
300 2771 357 2835 καὶ
378 2769 676 2856 καταλαμβάνομεν
702 2775 743 2860 τῇ
772 2777 981 2862 πρεσβυτέρᾳ
1011 2767 1141 2863 άδελφῇ
1167 2769 1249 2841 όντα

172 2870 231 2939 δόο
254 2872 388 2955 παιδία,
410 2871 471 2960 τὴν
493 2872 530 2938 δὲ
552 2877 723 2960 νεωτέραν,
746 2873 786 2962 ἣν
810 2872 876 2958 εἶχε
898 2877 1080 2963 Μενεκλῆς,
1105 2871 1248 2943 άπαιδα.

135 2976 229 3040 ῖκαλ
251 2972 373 3052 ἐκεῖνος
396 2974 538 3061 δευτέρην
559 2975 639 3062 μηνὶ
660 2964 682 3061 ἢ
704 2982 822 3062 τρίτην,
851 2976 963 3044 πολλὰ
986 2976 1167 3054 ἐπαινέσας
1190 2976 1250 3065 την

172 3069 330 3166 ἀδελφήν,
355 3074 471 3162 λόγους
493 3074 642 3143 ἐποιεῖτο
666 3075 753 3164 πρὸς
774 3073 871 3166 ἧμᾶς,
894 3082 950 3145 καί
965 3077 1028 3168 έφη
1044 3077 1105 3166 τήν
1123 3104 1160 3145 τε
1175 3073 1249 3167 ἡλι-

171 3181 246 3243 κίαν
273 3172 474 3266 όφοράσθαι
502 3175 562 3267 τὴν
591 3177 710 3246 ἑαυτοῦ
737 3183 793 3247 καί
822 3177 881 3267 τὴν
914 3173 1095 3245 άπαιδίαν·
1130 3175 1249 3248 οόκοον

239 3431 254 3482 3
272 3428 398 3483 οἰκείωΑ
415 3448 449 3469 ⁴-
465 3432 593 3505 τέσσαριε
609 3431 630 3493 Q
648 3461 684 3474 ·-
700 3438 716 3488 4
734 3433 887 3504 δυγατίρ..
900 3434 921 3484 Α
934 3449 981 3500 με,
994 3449 1057 3487 corr.
1072 3437 1084 3488 1
1104 3461 1138 3472 -
1156 3438 1173 3488 6
1193 3437 1250 3489 ίπι·

169 3507 188 3564 δ
193 3511 299 3567 ..fruc
316 3513 339 3566 Α
356 3531 402 3582 μα,
420 3530 484 3568 corr.
505 3519 526 3570 1.
594 3518 620 3572 4.
640 3521 655 3570 2
673 3521 729 3571 ῖτιι
745 3513 763 3584 ἢ
779 3519 897 3586 πέμπτῳ
916 3518 945 3585 0,
963 3522 1051 3572 Im..
1069 3520 1144 3570 Α-
1163 3523 1178 3573 6
1198 3518 1249 3583 τόν

170 3600 230 3650 ante
247 3597 296 3650 τοῦ
318 3602 402 3653 om.A
420 3629 454 3639 -
472 3605 486 3653 ’ί
505 3595 572 3670 ὑμᾶς
589 3601 612 3654 A
629 3619 676 3670 pr„
694 3619 758 3656 corr.
779 3607 790 3656 1
809 3632 843 3640 —
861 3598 960 3657 αὐτοὺς
977 3604 1095 3674 Sauppe:
1114 3599 1203 3657 αὐτὸν.

168 3679 197 3735 5.
219 3685 228 3734 1
248 3676 293 3735 ότι
310 3688 356 3735 καὶ
373 3679 491 3760 δπατὴρ
503 3686 587 3748 σουλ)
606 3716 640 3727 -
656 3681 736 3754 ἥδιον
749 3683 886 3749 λ’δωκενῦ
903 3718 938 3729 -
956 3693 971 3744 3
988 3683 1197 3745 ίπι..δόντιεΑ
1215 3717 1249 3728 -

170 3769 186 3818 6
205 3761 242 3820 ιόε
259 3784 309 3821 om.
327 3770 349 3821 Α
367 3787 413 3840 φα,
431 3773 457 3825 in
474 3788 501 3825 v.
518 3772 575 3842 add.
596 3775 619 3827 1.
705 3775 721 3825 6
739 3770 754 3825 ὅ
777 3771 914 3840 Μενεκλῆς
931 3790 982 3829 om.
1001 3774 1021 3836 Ο
1045 3804 1078 3813 -
1101 3779 1115 3827 ’ί
1135 3773 1248 3844 πρῶτον

169 3864 220 3905 om.
239 3851 260 3913 0
278 3883 311 3892 -
330 3857 345 3907 6
365 3856 404 3932 tit.
422 3873 471 3911 om.
485 3857 515 3918 Q.
583 3856 610 3912 ⁶.
628 3860 643 3910 3
662 3851 905 3926 ίπιδημὴσαμινλ
922 3874 968 3926 μα,
986 3875 1051 3912 corr.
1068 3863 1079 3912 1
1099 3888 1134 3900 -
1152 3852 1248 3921 δόξαν·

168 3951 213 3988 τιν
229 3936 289 3990 τοῦς
311 3954 359 3992 em.
373 3941 458 3994 Bremi
475 3971 509 3982 -
526 3946 542 3995 4
560 3960 589 3993 τι
600 3957 649 3995 om.
663 3942 685 3992 Α
698 3958 743 4009 pr„
762 3957 783 3996 s.
796 3958 821 3996 ν.
834 3942 891 3997 εδδ.
908 3948 918 3996 1
938 3972 973 3983 -
990 3947 1006 3997 6
1024 3943 1090 4011 dxc:
1108 3943 1179 4009 εῖχεν
1191 3939 1206 3996 ὁ
1219 3945 1247 4006 0.

237 4019 260 4075 7.
283 4026 294 4075 l
313 4029 379 4090 μηνὶ
397 4023 513 4095 δευτέρῳ
532 4023 553 4085 0
571 4053 605 4064 ·-
623 4028 638 4079 2
656 4025 762 4095 έμηνίὶ
