2572 4476
79 246 114 286 ω.
128 246 152 286 ι..
353 186 428 278 nm
446 225 510 278 τοι
527 223 729 280 ειευσκκω
745 223 883 277 uapor.
1137 217 1158 278 9
1263 206 1266 213 ’

77 401 321 484 γεγραμμέναις
350 394 531 482 διαθήκαις
560 393 679 461 έδωκεν
709 388 822 473 αὐτοῖς
849 391 908 481 τήν
939 383 1086 472 οὐσίαν,
1101 392 1159 456 καί
1245 463 1248 470 ,

77 492 171 565 τοῦτ’
198 494 291 577 άξιον
315 494 401 564 είναί
423 523 483 581 μοι
505 497 595 564 δοκεῖ
616 495 820 581 θαυμάζειν,
850 487 869 561 δ’
891 501 925 561 τί
947 518 1031 559 ποτε
1054 491 1157 559 έπαν-
1219 549 1223 556 .

78 602 240 689 ορθώσας
261 605 461 687 κυριωτέρας
485 593 587 678 αδτάς
614 592 722 686 ἡγοῖτ’
752 588 792 665 άν
815 601 973 684 ποιήσαι·
1001 609 1073 674 τοῖς
1093 593 1157 683 γάρ

80 699 196 781 ἄλλοις
211 698 307 781 οὗτος
322 696 399 791 ὅρος
414 698 514 783 ἐστίν,
531 689 557 768 ὦ
574 697 700 789 άνδρες,
715 704 782 768 τῶν
797 698 940 787 δωρεῶν.
977 697 1027 765 έτι
1042 697 1077 764 δὲ
1098 698 1159 763 καί
1171 709 1212 768 33

81 807 116 872 εἴ
139 832 172 872 τι
194 805 415 896 προσγράψαι
440 804 571 883 τούτοις
597 803 761 890 ἐβούλετο,
788 800 845 870 διά
866 809 901 869 τί
922 794 980 868 οὐκ
1001 799 1034 868 έν
1057 799 1158 887 ἑτέρῳ

78 909 215 996 γράψας
236 902 319 974 αὐτὰ
341 914 557 1000 γραμματείῳ
577 910 765 987 κατέλιπεν,
788 903 904 993 ἐπειδὴ
920 901 962 970 τά
977 901 1156 990 γράμματα

78 1010 175 1098 παρά
189 1014 255 1077 των
279 1003 447 1096 ’άρχάντων
469 1002 526 1076 οδκ
541 1006 684 1097 ἐδυνήθη
708 1010 833 1092 λαβείνς
855 1000 982 1073 ἀνελεῖν
1004 1005 1064 1090 μὲν
1085 1004 1158 1091 γάρ,

79 1101 254 1201 ὦάνδρες,
274 1105 331 1195 οάχ
355 1111 425 1190 οἶός
440 1105 470 1178 τ’
487 1098 527 1201 ἦν
543 1106 623 1178 άλλο
645 1123 871 1199 γραμματεῖον
892 1099 914 1197 ή
935 1106 973 1176 τὸ
998 1105 1092 1197 παρὰ
1115 1112 1156 1194 τῇ

81 1210 166 1303 ἀρχῇ
185 1222 350 1299 κείμενον·
373 1214 505 1302 γράψαι
527 1207 559 1279 δ’
586 1213 661 1303 έξήν
684 1213 732 1291 εἷς
754 1213 866 1298 ἕτερον
889 1211 923 1279 εἴ
941 1238 975 1280 τι
992 1211 1157 1298 ἐβούλετο,

79 1321 136 1385 καὶ
157 1319 241 1406 μηδὲ
263 1311 364 1384 τοῦθ’
389 1314 468 1405 ἡμῖν
491 1310 786 1406 ἀμφισβητήσιμον
810 1315 877 1384 έᾶν.
914 1315 943 1382 εἰ
957 1321 1076 1390 ,τοίνυν
1098 1319 1154 1384 καὶ
1171 1331 1212 1388 33

78 1425 179 1488 τοῦτο
202 1419 488 1507 συγχωρήσαιμεν,
517 1416 563 1498 ὡς
589 1417 717 1497 ἐκεῖνος
734 1419 977 1507 ἐπανορθῶσαι
998 1417 1060 1496 τὰς
1083 1419 1157 1486 δια-

77 1523 190 1611 θήκας
214 1522 377 1606 ἓβούλετο,
401 1527 489 1589 πάσι
511 1521 620 1609 δήπου
644 1521 793 1610 φανερὸν
811 1517 889 1605 ὑμῖν
911 1519 1001 1587 έστιν
1024 1513 1076 1586 ὅτι
1101 1514 1159 1587 οὐκ

78 1621 198 1712 ὀρθῶς
221 1623 323 1701 αὐτάς
345 1624 429 1706 ’έχειν
450 1620 571 1710 ήγεῖτο.
615 1629 726 1689 καίτοι
749 1636 904 1688 σκοπεῖτε
925 1624 981 1688 καὶ
1004 1621 1160 1689 έντεῦθεν

78 1727 141 1813 τὴν
166 1720 398 1807 ἀναισχυντίαν
422 1718 546 1811 αδτιῦν,
575 1725 611 1791 οἵ
638 1749 725 1802 τινες
752 1723 876 1802 ταύτας
903 1721 964 1801 τὰς
993 1723 1160 1812 διαθήκας
1222 1769 1224 1773 -

80 1823 236 1906 άξιοῦσιν
251 1824 337 1894 ελναι
351 1833 480 1914 κυρίας,
504 1825 544 1905 ἃς
566 1820 768 1914 ὁμολογοῦσι
789 1826 872 1915 μηδὲ
889 1819 988 1893 αὐτὸν
1001 1824 1061 1893 τὸν
1084 1826 1159 1894 δια-

78 1934 226 2013 θέμενον
242 1928 370 2014 [ταῦτα]
384 1922 500 2018 ὀρθῶς
515 1928 599 2012 ἔχειν
613 1925 783 2017 ήγεῑσθαι,
804 1931 860 1996 καὶ
875 1933 1058 1997 πείθουσιν
1072 1924 1160 2013 ὑμᾶς

80 2031 216 2099 ἐναντία
237 2034 294 2097 καὶ
314 2045 385 2109 τοῖς
402 2031 524 2116 νόμοις
544 2033 600 2099 καὶ
628 2035 676 2118 τῷ
705 2032 824 2119 δικαίῳ
845 2034 902 2098 καί
922 2034 964 2118 τῇ
985 2034 1045 2098 τοῦ
1066 2056 1157 2098 τετε·

81 2133 276 2222 λευτήκότος
296 2133 407 2222 γνώμῃ
430 2140 668 2222 ψηφίσασθαι.
701 2133 750 2201 ἐ’τι
773 2140 883 2201 τοίνυν
904 2133 1031 2200 τούτων
1047 2129 1157 2200 άπάν-
1174 2145 1212 2200 23

81 2263 149 2304 των
171 2231 410 2315 άναιδέστατος
432 2240 499 2303 τῶν
522 2238 628 2323 λόγων
650 2236 756 2317 ἐστίν,
779 2229 860 2303 ὅταν
882 2238 1032 2319 τολμιῦσι
1055 2237 1160 2320 λέγειν

81 2336 129 2417 ὡς
156 2339 354 2424 Κλεώνυμος
383 2332 479 2406 οὐδὲν
507 2334 596 2427 ἡμᾶς
622 2342 690 2404 τῶν
719 2333 820 2405 αὑτοῦ
836 2339 964 2422 λαβεῖν
994 2335 1159 2420 ἐβούλετο.

79 2450 202 2523 καίτοι,
225 2429 251 2507 ὦ
276 2438 407 2529 άνδρες,
433 2448 528 2519 τίνας
551 2431 591 2507 άν
614 2435 735 2518 ἄλλους
756 2443 862 2506 ταῦτα
884 2439 968 2523 ἐ’χειν
993 2437 1160 2528 έβουλήθή

79 2547 208 2629 μάλλον
229 2534 251 2631 ἢ
273 2544 418 2625 τούτους,
442 2542 500 2622 οὓς
520 2545 577 2610 καί
600 2543 663 2624 ζῶν
679 2541 713 2609 ἐκ
727 2545 793 2610 τῶν
809 2538 912 2610 αὑτοῦ
926 2545 1071 2610 πλεῖστα
1092 2546 1159 2609 τῶν

80 2645 213 2714 οἰκείων
235 2640 376 2735 ὠφέλεις
397 2645 535 2713 πάντων
550 2638 582 2712 δ’
601 2635 642 2713 δν
658 2645 709 2734 ε’ίή
723 2645 1019 2730 θαυμασιώτατον,
1042 2644 1073 2712 εἷ
1089 2652 1160 2734 Κή-
1173 2660 1213 2718 28

80 2748 267 2838 (γίσανδρος
288 2749 348 2831 μὲν
371 2744 388 2814 ὁ
403 2747 531 2813 τούτων
547 2747 669 2824 οἰκεῖος
684 2747 813 2814 δίκαιον
828 2744 939 2834 ήγεῖτο
958 2744 1044 2814 εἶναι
1058 2751 1159 2834 μέρος

79 2852 221 2918 ἕκαστον
242 2846 335 2934 ἡμῶν
358 2840 443 2930 ’έχέιν
457 2853 516 2934 τῆς
538 2841 664 2929 οάσίας,
691 2848 889 2932 Κλεώνυμος
911 2841 942 2911 δ’
961 2847 999 2924 ὃς
1020 2835 1060 2934 ἦν
1080 2843 1160 2931 ἡμῖν

78 2950 288 3026 οἰκειότατος
309 2951 365 3014 καὶ
388 2945 474 3035 ἡμᾶς
497 2948 545 3026 είς
566 2947 625 3036 τὴν
641 2948 749 3015 οἰκίαν
762 2948 822 3034 τήν
839 2945 940 3019 αὑτοῦ
955 2946 1066 3032 λαβὼν
1082 2946 1160 3012 έθε-

78 3053 210 3143 ράπευε
231 3053 286 3116 καὶ
310 3048 503 3135 ἐπεμελεῖτο
533 3053 601 3115 τῶν
629 3046 796 3138 ἡμετέρων
824 3041 939 3133 ὥσπερ
966 3051 1032 3115 τῶν
1059 3045 1160 3115 αὑτοῦ
1254 3088 1270 3100 *-

78 3153 305 3243 πραγμάτιον,
337 3146 433 3231 οὗτος
454 3151 577 3237 μόνους
600 3151 754 3239 ἐβούλετο
774 3148 864 3242 ἡμᾶς
885 3145 1047 3241 άκλήρους
1073 3148 1160 3220 εἶναι

79 3265 148 3325 τιῦν
179 3252 289 3322 αὑτοῦ.
337 3258 394 3323 καί
421 3262 473 3334 τίς
502 3245 542 3323 άν
570 3252 662 3341 ὑμῶν
688 3255 902 3324 πιστεύσειεν
928 3249 1212 3345 εὗνουστίρουςςρ

80 3362 138 3426 καὶ
153 3363 394 3446 μετριωτέρους
408 3357 487 3438 τοὺς
502 3352 688 3437 ἀντιδίκους
700 3354 790 3448 ήμῖν
806 3356 974 3426 εἶναιτῶν
994 3359 1157 3427 οἰκειοτά·
1195 3445 1197 3450 Ι

151 3561 196 3616 24.
214 3566 230 3615 4
247 3557 332 3632 ἡγεῖτ’
346 3559 381 3614 ἂν
393 3563 455 3617 nob.
524 3561 569 3618 25.
588 3566 604 3614 2
622 3559 767 3629 έβάλετοί)
786 3591 819 3601 -
838 3566 854 3616 3
870 3561 1029 3618 κατέλειπεν
1041 3564 1063 3615 Α
1075 3580 1112 3630 pr.
1125 3593 1158 3602 -

75 3652 96 3702 τί
115 3649 167 3714 μέν
185 3662 234 3698 om.
252 3647 283 3699 A.
340 3645 386 3701 26.
404 3650 419 3700 3
437 3643 542 3714 ήμῐνΑ
565 3674 596 3684 -
619 3648 698 3699 δκοιί
715 3642 768 3709 τήν
792 3645 813 3706 Q
837 3676 869 3687 -
895 3647 1017 3700 Ἱταῦτα
1039 3647 1088 3699 δελ.
1107 3646 1157 3700 Mai

80 3761 115 3772 -
133 3727 201 3797 ἡμᾶς
217 3731 247 3796 Q,
264 3726 320 3798 ὑμῖ
332 3768 339 3783 .
356 3733 378 3783 Α
396 3746 443 3799 pr„
461 3746 525 3783 corr.
546 3733 615 3794 1,-
635 3732 649 3782 8
667 3733 713 3781 καί
734 3735 793 3782 ante
811 3734 867 3783 τοῖε
883 3727 976 3798 νόμοιε
994 3747 1043 3784 om.
1061 3732 1091 3784 Α.

80 3815 123 3871 27.
143 3820 158 3868 3
177 3809 307 3883 ἠβούλετο
324 3815 347 3866 Α
364 3843 398 3853 -
416 3812 639 3880 4τίναεΙτίναεΑ
657 3830 703 3881 pn,
721 3816 793 3880 prius
810 3812 911 3866 induxit
931 3818 942 3867 1
962 3845 995 3854 -
1017 3810 1158 3882 ἠβουλήθη

81 3900 102 3961 Ο
121 3903 204 3967 Αρκ,
222 3916 286 3952 corr.
307 3904 318 3952 1
338 3927 372 3938 -
390 3903 405 3951 5
424 3894 526 3965 μᾶλλον
543 3912 593 3950 om.
612 3896 633 3958 Q
650 3927 681 3938 -
703 3898 774 3962 ζάνι
792 3897 852 3949 τῶν
870 3895 899 3957 0.
967 3897 1012 3956 28.
1031 3904 1046 3952 4
1064 3895 1159 3952 οἰκειό-

80 4003 157 4055 τερος
173 3984 196 4035 Α
214 3982 279 4036 Mai:
298 3998 346 4035 em.
365 3982 413 4036 Bk.
433 4012 463 4021 —
483 3985 499 4036 6
515 3975 609 4048 μάνοει
628 3995 675 4034 em.
694 3979 810 4034 Jenicke.
