2572 4476
160 231 200 294 τε
642 235 750 289 umor
901 303 910 315 .
1163 255 1199 301 02,
1212 256 1238 298 ς

106 412 145 468 50
158 430 200 470 τα
222 402 280 471 τόν
305 402 424 491 χρόνον
447 402 589 493 αἰσχρῶς
609 408 748 489 βιούσα,
776 404 816 492 ἢν
839 402 915 473 ούτε
942 408 1132 495 παρελθεῖν
1154 407 1232 475 εἴσω

157 508 216 571 τοῦ
241 506 331 594 ἱεροῦ
353 505 422 574 ἐ’δει
444 500 513 574 οὔτ’
541 506 624 574 ἰδεῖν
645 511 712 573 τῶν
735 506 828 574 ένδον
844 500 949 590 οὐδέν,
973 503 1073 598 ούσης
1095 513 1155 598 τῆς
1169 515 1233 578 θυ-

159 614 235 684 σίας
255 607 394 687 ταύταις
414 623 490 687 ταῖς
511 614 611 688 θεαῖς
632 607 812 697 ἐτόλμησεν
835 615 1040 696 συμπέμψαι
1060 608 1122 700 τὴν
1144 635 1233 696 ττομ·

158 706 226 797 τεὴν
248 712 304 777 καὶ
327 709 495 778 εἰσελθεῖν
517 710 565 789 εἷς
586 709 624 777 τὸ
650 708 739 798 ἱερὸν
753 713 810 778 καί
832 709 917 779 ἰδεῖν
939 705 1034 780 δούκ
1050 710 1125 791 ἐξόν
1140 707 1231 801 αὐτῇ.

157 807 204 890 ὠς
227 812 262 879 δὲ
285 804 398 900 όληθη
421 814 515 899 λέγω,
538 810 572 878 έκ
586 815 653 879 τῶν
667 811 899 901 ψηφισμάτων
920 812 1095 900 γνώσεσθε
1111 812 1133 881 ἃ
1149 813 1234 904 ἔψη·

158 920 284 1001 φίσατο
305 910 325 1002 ἡ
347 913 450 1002 βουλὴ
474 916 555 1001 περὶ
578 907 700 1002 αὐτῆς.1
731 915 832 1000 Λαβέ
853 913 891 982 τό
916 913 1090 1003 ψήφισμα.

595 1034 794 1088 ΨΗΦΙΣΜΑ.
1276 1082 1278 1089 .

106 1133 142 1189 ιιι
199 1131 208 1143 ·
239 1107 482 1198 Ἐνθυμεῖσθαι
503 1121 615 1182 τοίνυν
633 1116 706 1202 χρή,
729 1103 906 1205 ύόνδρες,
935 1116 1080 1206 πότερον
1103 1120 1157 1187 δεῖ
1176 1120 1235 1188 τόν
1276 1163 1278 1195 ;

157 1215 192 1282 ἐκ
212 1215 335 1304 ταύτης
355 1219 422 1282 των
440 1215 689 1304 Φιλοκτήμονος
704 1214 792 1285 εἶναι
812 1217 1017 1336 κληρονόμον
1031 1222 1087 1287 καὶ
1111 1219 1231 1289 ἐπὶ
1193 1248 1234 1289 τα

155 1317 311 1406 μνήματα
340 1317 426 1384 ἰέναι
455 1316 614 1443 χεόμενον
646 1317 746 1385 καῖ’
732 1322 940 1406 εναγιοῦντα,
970 1346 990 1407 η
1019 1319 1078 1388 τόν
1109 1320 1145 1389 ἐκ
1178 1348 1236 1412 της

156 1411 305 1508 ἀδελφῆς
326 1422 453 1500 τοῦτον,
484 1417 522 1487 δν
552 1417 625 1486 υἱόν
648 1413 748 1500 αὐτὸς
771 1419 971 1510 ἐποιήσατο
1003 1425 1060 1490 καὶ
1087 1423 1236 1542 πότερόν

158 1521 265 1589 δεῖ
230 1547 289 1610 την
311 1515 460 1610 όδελφην
485 1520 790 1610 Φιλοκτήμονος,“
770 1550 790 1612 η
814 1528 947 1612 Χαιρέα
970 1523 1154 1613 συνῴκησε,
1179 1530 1236 1594 νῦν

158 1624 194 1690 δὲ
212 1624 354 1743 χηρεύει,
378 1622 438 1691 ἐττι
457 1623 589 1702 τούτοις
610 1629 771 1711 γενεσθαι
791 1652 811 1713 η
797 1614 1024 1693 ἐκδοῦναιο
1004 1651 1072 1748 οτην
1093 1626 1236 1711 βούλον-

156 1752 214 1794 ται
235 1752 254 1815 η
240 1716 336 1793 έᾶν
357 1725 626 1814 καταγηράσκειν,
648 1752 668 1813 η
689 1733 788 1847 ηνησί
789 1752 828 1792 αν
844 1712 946 1793 ούοαν
961 1720 1022 1848 δη)
1040 1723 1134 1847 ὑμῶν
1156 1727 1234 1796 ἐντι-

105 1846 143 1902 52
158 1829 378 1895 δικασθεῖσαν
402 1841 564 1894 συνοικεῖν
586 1819 654 1912 ότῳ
683 1852 724 1893 αν
745 1823 823 1909 ύμῖν
845 1827 933 1914 δοκῇ.
984 1854 1004 1917 η
1029 1852 1092 1917 γαρ
1116 1829 1235 1919 ψῆφός

157 1928 228 1996 ἐστι
251 1932 329 2017 περὶ
352 1928 478 1995 τούτων
500 1932 580 1993 νυνί.
630 1929 724 1992 τουτὶ
745 1925 808 2013 γὰρ
832 1922 944 2007 αύτοῖς
965 1955 985 2018 η
973 1925 1234 2019 εδιαμαρτυρία

157 2024 373 2112 δύναται,”’
330 2058 360 2098 ιν
400 2057 417 2096 ο
407 2026 589 2106 είκνδυνος
610 2027 782 2094 τοῖσδε
745 2053 805 2112 μεν
827 2015 847 2117 ᾖ
870 2027 1107 2118 περὶτούτων,
1139 2027 1234 2101 οὗτοι

158 2133 194 2199 δέ
221 2123 282 2199 κόν
311 2136 367 2199 νόν
395 2129 606 2217 διαμάρτωσι
631 2133 691 2195 τοῦ
720 2123 861 2217 όηιόνυς,
893 2131 972 2222 δόξη
1001 2134 1037 2200 δέ
1066 2129 1083 2201 ό
1095 2136 1233 2255 κληρος

158 2233 202 2301 ἐκ
204 2235 308 2312 ίδικος
331 2224 467 2312 εἶναι,
449 2231 737 2358 αντιηραψόμενοι
761 2235 812 2313 δίς
833 2236 911 2322 περὶ
934 2238 1002 2301 τῶν
1020 2228 1128 2302 αύτοῖν
1144 2230 1233 2323 dym-

158 2337 321 2416 νί.ζωνται
376 2337 486 2399 καίτοι
514 2333 544 2400 εἰ
572 2335 632 2418 μέν
660 2335 796 2404 διέθετο
828 2335 1047 2424 Φιλοκτήμων
1079 2337 1124 2460 μὴ
1159 2337 1233 2419 έξδν

159 2429 263 2521 αύτην,
291 2426 384 2500 τοότ
411 2427 490 2501 αύτό
522 2434 615 2527 ἒχρην
646 2439 890 2526 διαμαρτυρεῖν,
919 2434 967 2516 ιδς
995 2433 1032 2506 ού
1060 2438 1173 2558 κύριος
1194 2465 1233 2528 ην

157 2535 230 2604 υιδν
244 2533 341 2603 τόνδε
352 2536 587 2658 ητοιησαοθαι·
611 2565 641 2606 ει
631 2534 697 2606 Ηδ
715 2539 845 2627 έξῆνμδ
847 2534 1121 2622 νδιαθέσθαι,
1103 2563 1233 2629 αμφισ-

156 2646 252 2728 βητεῖ
279 2633 362 2704 dQ‘
337 2665 383 2718 ως
406 2633 445 2708 ού
468 2641 583 2719 δόντος
606 2635 682 2706 ούδὲ
704 2641 916 2722 διαθεμένου,
939 2638 984 2724 μὴ
1008 2640 1234 2731 διαμαρτυρίᾳ

106 2759 144 2816 58
157 2740 296 2810 κωλύειν
311 2736 386 2809 ἀλλ’
406 2737 582 2829 εὐθυδικίᾳ
596 2741 746 2807 εἰσιέναι.
779 2743 836 2807 νόν
858 2739 894 2804 δὲ
908 2741 983 2815 πῶς
1005 2734 1046 2803 όν
1059 2763 1112 2815 τις
1133 2766 1235 2829 περι-

159 2849 363 2935 φανέστερον
385 2843 590 2931 ἐξελεγχθείη
611 2838 654 2904 τὰ
674 2840 784 2927 ψευδῆ
804 2836 1062 2930 μεμαρτυρηκώς
1083 2829 1104 2927 ἢ
1126 2841 1161 2907 εἰ’
1181 2868 1235 2923 τις

159 2942 260 3017 αύτόν
287 2948 396 3037 έροιτο
421 2939 660 3068 ,Ἀνδρόκλεις,
691 2943 766 3019 πῶς
795 2937 900 3008 οἶσθα
931 2935 1201 3030 Φιλοκτημων”
1179 2970 1235 3012 οτι

159 3046 235 3118 οότε
257 3051 391 3119 διέθετο
415 3042 490 3113 ούτε
504 3040 577 3109 υἱόν
591 3041 875 3131 Χαιρέστρατον’
861 3044 1124 3130 εττοιήσατο,·“ο
1107 3042 1211 3122 οἷς
1172 3070 1233 3128 μεν

158 3153 221 3239 γάρ
242 3176 294 3228 τις
308 3151 516 3236 παρεγένετο,
541 3143 731 3225 δίκαιον,’
707 3171 733 3210 ω
763 3140 888 3228 όνδρες,
911 3158 1140 3234 μαρτυρεῖν,ο
1123 3145 1174 3223 οἷς
1196 3146 1234 3212 δὲ

242 3366 287 3422 50.
308 3373 318 3419 l
338 3364 401 3417 οὔτε
418 3364 477 3418 Bk.:
499 3359 563 3414 οὐδὲ
578 3391 613 3402 -
630 3360 804 3416 π.οσ.λθεῖν
821 3382 867 3433 pr„
885 3382 949 3418 corr.
969 3369 981 3418 1
1001 3395 1036 3406 -
1054 3369 1069 3418 2
1086 3359 1148 3417 οὔτ’
1168 3365 1232 3420 Bk:

158 3450 217 3506 οὐδ’
238 3481 271 3491 -
290 3457 304 3504 4
324 3446 392 3502 ἰδεῖν
408 3442 426 3499 ἃ
449 3448 522 3499 initio
545 3450 571 3500 in
589 3448 680 3500 lacuna
698 3450 829 3514 omisisse,
855 3456 946 3518 postea
964 3450 1094 3503 addidisse
1110 3448 1162 3502 vid.
1181 3465 1233 3515 pn:

157 3533 242 3591 Q'del.
260 3536 330 3600 Nbr.‚
353 3533 416 3597 ἐξῆν
439 3548 485 3599 pro
509 3530 571 3594 ἐξὸν
593 3533 616 3584 ci
641 3532 709 3586 Hrw.
731 3562 766 3572 -
789 3538 804 3587 5
822 3532 1022 3603 ψηφισμάτων.
1046 3551 1083 3602 pr.
1153 3534 1196 3588 51.
1216 3537 1234 3589 3

158 3622 310 3693 ίναγυύντα
327 3633 375 3686 pr„
394 3633 457 3671 corr.
478 3620 488 3668 1
509 3647 542 3656 —
560 3621 577 3669 4
595 3613 730 3690 πρότερον
746 3635 793 3686 με,
811 3635 874 3671 corr.
894 3622 960 3672 1—
981 3624 996 3673 5
1015 3614 1058 3670 δεῖ
1073 3633 1137 3672 corr.
1155 3620 1180 3682 2,
1197 3613 1235 3684 δὴ

157 3721 246 3772 ρκ-
264 3700 315 3768 τὴν
334 3704 367 3754 Φ.
386 3702 497 3755 Dhn—
515 3706 609 3757 fiante
627 3695 682 3754 ότω
701 3707 753 3754 tres
770 3703 821 3756 litt.
839 3719 904 3756 eras
921 3731 955 3741 —
974 3705 988 3754 7
1007 3696 1156 3756 ἀνέκδοτον
1172 3709 1235 3770 post

157 3789 204 3840 ίᾰν
222 3787 279 3839 add.
299 3786 376 3842 Schb
427 3786 472 3842 52.
491 3791 514 3880 5.
533 3782 749 3856 θαγυνίζονται
761 3802 807 3854 pr
825 3789 970 3840 corn-2
987 3785 1084 3852 θίξῆν
1099 3785 1236 3842 διδοίητε

156 3856 1107 3958 agaen-safsldddmommov'dama.582533-222722121
1125 3885 1238 3941 3Φιλο-

156 3971 279 4040 κτημονα
297 3973 365 4040 θυι,
382 3974 411 4028 st.
431 3978 525 4039 transp.
545 3966 589 4025 ότι
606 3969 669 4024 οὔτε
686 3967 758 4025 διέθ.
779 3968 838 4023 Φιλ
