2572 4476
179 225 219 286 74
429 224 432 229 “
666 225 774 279 ΙΣΛΙΟΥ
1189 242 1224 285 οι.
1237 243 1255 286 ε.

178 389 210 462 δ’
229 391 247 462 6
264 389 443 483 Εὐκτήμων
464 387 568 472 εὐθὺς
591 387 714 482 άπήτει
735 393 795 463 τὸν
809 393 1022 480 Πυθόδωρον
1040 392 1078 461 τό
1101 419 1255 480 γραμμα·

176 510 274 576 τεῖον,
297 499 353 564 καλ
376 498 646 586 προσεκαλέσατο
663 496 711 575 εἰς
725 494 883 585 ἐμφανῶν
901 494 1116 563 κατάστασιν.
1154 521 1255 562 κατα·

177 597 318 677 στάντος
341 599 377 665 δὲ
400 597 467 666 ίκεί
454 604 525 667 ίνου
547 596 634 686 πρὸς
648 596 707 664 τὸν
723 592 874 683 ἄρχοντα,
897 589 1045 684 ελεγεν“
1026 622 1081 664 οτι
1101 591 1251 682 βούλοιτ’

125 701 163 758 82
179 692 419 768 άνελίσθαι
382 727 443 789 την
466 698 641 801 διαθήκην.
686 696 803 786 ἐπειδὴ
827 693 860 765 δ’
877 695 1125 785 δΠυθόδωρος
1144 696 1254 818 ἐκείνῳ

176 802 237 885 μὲν
257 804 314 869 καὶ
335 806 384 889 τῳ
408 797 636 888 Φανοστράτῳ
659 801 803 889 παρόντι
824 794 1031 922 ῶμολόγει’
1012 814 1174 887 αναιρεῖν,
1198 803 1254 868 τοῦ

178 903 214 970 δὲ
225 909 374 991 Χαιρέου
389 928 447 970 του
436 907 753 990 συγκαταθεμένου
768 902 919 991 θυγάτηρ
933 889 974 991 ήν
988 894 1103 1024 μίφ,
1081 926 1123 989 ης
1138 899 1255 991 ἐπειδὴ

176 1005 288 1091 κύριος
310 1010 511 1095 κατασταίη,
541 1004 618 1071 τότε
646 997 740 1092 ήξίου
770 998 907 1085 άνελεῑν,
936 999 1040 1070 καὶ“
1023 1029 1040 1070 ο
1066 999 1178 1089 άρχων
1202 996 1255 1071 06-

176 1130 242 1182 τως
269 1103 458 1191 ἐγίγνωσκε,
490 1105 816 1194 διομολογησάμενος
848 1103 865 1172 6
897 1098 1076 1192 Εὐκτήμων
1104 1102 1255 1172 ἐναντίον

175 1209 235 1272 τοῶ
257 1199 415 1292 άρχοντος
436 1209 491 1272 καὶ
506 1210 572 1272 τῶν
586 1207 765 1295 παρέδρων
779 1209 836 1274 καὶ
857 1205 1086 1294 ποιησάμενος
1107 1205 1257 1285 πολλοὺς

175 1306 345 1396 μάρτυρας
366 1303 412 1384 ῶς
435 1300 543 1374 οὐκέτ’
562 1301 652 1394 αὐτῷ
666 1304 810 1395 κίοιτοή
830 1307 986 1398 διαθήκη,
1008 1303 1113 1394 ᾤχετο
1130 1301 1254 1377 άπιῶν.

124 1412 230 1476 asna}
254 1408 287 1477 ἐν
309 1409 399 1477 πάνυ
421 1402 524 1497 ὀλίγῳ
544 1408 662 1497 χρόνῳ,
686 1403 791 1497 οὗπερ
814 1408 907 1477 ἕνεκα
922 1404 1015 1477 οὗτοι
1031 1411 1131 1476 λῦσαι
1154 1404 1255 1478 αὐτὸν

173 1511 324 1594 ἔπεισαν,
349 1505 554 1581 ἀποδίδοται
576 1505 678 1598 άγρδν
699 1512 760 1597 μὲν
775 1504 942 1596 Ἅθμονοῖ
962 1516 1063 1578 πέντε
1084 1513 1143 1579 καὶ
1158 1511 1255 1597 ἑβδο-

175 1614 322 1704 μήκοντα
342 1617 434 1700 μνῶν
456 1607 664 1703 Ἀντιφάνει,
693 1612 732 1681 τό
761 1606 793 1680 δ’
820 1612 854 1681 ἒν
876 1618 1050 1701 Σηραγγίῳ
1074 1615 1255 1696 βαλανεῖον

132 1763 140 1778 .
174 1719 365 1804 τρισχιλίων
387 1710 628 1803 Ἀριστολόχῳ·
652 1715 761 1783 οἰκίαν
783 1715 819 1781 δὲ
842 1713 877 1781 ἒν
898 1709 995 1780 άστει
1015 1714 1184 1802 τεττάρων
1198 1719 1254 1782 καὶ

174 1818 416 1904 τετταράκοντα
444 1821 535 1901 μνῶν
564 1813 785 1904 ὑποκειμένην
815 1809 961 1882 άπέλυσε
988 1818 1036 1901 τῳ
1060 1816 1253 1905 ἱεροφάντη.

176 1918 226 1985 ἐ’τι
248 1919 284 1983 δὲ
300 1915 396 2003 αἶγας
411 1910 559 1984 άπίδοτο
576 1916 636 1984 οὐν
650 1943 697 2003 τῳ
684 1916 849 2004 αἰπόλῳ
863 1920 968 2038 τριῶν
979 1919 1036 1982 καὶ
1059 1917 1138 1984 δέκα
1150 1923 1252 2003 μνῶν,

174 2021 230 2085 καὶ
253 2017 346 2108 ζεύγη
370 2010 467 2083 δόο’
451 2017 558 2105 ορικά,
581 2016 619 2084 τὸ
642 1980 734 2102 μήν’
717 2016 804 2086 οκτῶ
827 2021 918 2103 μυῶν
932 2016 970 2085 τὸ
997 2017 1032 2084 δὲ
1047 2019 1253 2138 πεντήκοντα

174 2122 230 2186 καὶ
245 2125 474 2187 πεντακοσίων
486 2119 649 2204 δραχμῶν,
664 2123 721 2187 καί
736 2113 986 2210 δημιουργοδς”
966 2142 1043 2187 οσοι
1053 2104 1138 2206 ήσαν
1151 2116 1252 2209 αὐτῷ.

124 2231 162 2288 84
176 2221 354 2306 σύμπαντα
376 2222 413 2289 δὲ
435 2223 515 2290 πλεί
502 2228 591 2301 ίονος
613 2211 633 2312 ή
654 2225 757 2309 τριῶν
778 2220 1010 2302 ταλάντων,“
989 2249 1011 2287 α
1033 2218 1170 2311 επράθη
1194 2221 1252 2290 διὰ

172 2329 298 2406 ταχέων
320 2325 410 2392 πάνυ
431 2323 688 2413 τελευτήσαντος
704 2323 961 2414 Φιλοκτήμονος.
997 2325 1054 2390 καί
1076 2315 1218 2389 ταῶθ”
1198 2348 1251 2390 οτι

174 2419 287 2513 ἆληθή
315 2427 415 2512 λέγω,
444 2420 527 2492 καθ’
553 2426 691 2493 ἕκαστον
719 2423 796 2510 ὑμῖν
818 2429 884 2493 τῶν
907 2426 1087 2515 εἰρημένων
1115 2428 1250 2510 πρῶτον

173 2524 263 2590 καλῶ
285 2523 363 2601 τούς
384 2525 564 2612 μάρτυρας.

601 2627 823 2679 ΜΑΡΤΥΡΕΣ.

122 2721 160 2792 θῐι
264 2712 376 2776 Ταῦτα
397 2707 457 2792 μὲν
481 2706 519 2794 δή
542 2711 660 2774 τοῦτον
682 2706 741 2775 τὸν
763 2707 889 2794 τρόπον
912 2703 994 2788 εἶχε·
1017 2709 1098 2793 περὶ
1121 2708 1157 2772 δδ
1183 2715 1252 2779 τῶν

172 2808 373 2881 ὑπολοίπων
402 2803 504 2888 εὐθὺς
537 2807 766 2893 ἐπεβούλευον,
799 2809 855 2872 καὶ
887 2804 1024 2872 πάντων
1057 2807 1252 2929 δεινότατον

174 2917 312 3004 πρᾶγμα
332 2911 630 2997 κατεσκεύασαν,
615 2936 641 2976 ω
628 2903 798 2988 άξιόνέ
800 2929 855 2975 στι
876 2911 1051 2995 προσέχειν
1079 2906 1138 2976 τὸν
1162 2917 1251 2981 νοῶν.

174 3011 316 3100 δρῶντες
337 3014 400 3103 γὰρ
426 3013 486 3082 τὸν
508 3007 701 3100 Εὐκτήμονα
722 3002 881 3096 κομιδή’
864 3008 1069 3098 απειρηκότα
1096 3006 1165 3078 ὐπὸ
1192 3014 1252 3100 γή

175 3141 241 3235 ρως
262 3119 318 3184 καί
341 3110 417 3183 οὐδὲ
438 3118 497 3203 τῆς
511 3116 564 3181 κλί
551 3120 622 3202 ίνης
640 3107 849 3180 ἇνίοτασθαι
871 3111 1061 3196 δυνάμενον,
1084 3109 1252 3182 ἐσκόπουν

175 3210 269 3294 ὅπως
283 3220 339 3284 καὶ
360 3216 616 3302 τελευτήσαντος
638 3211 763 3280 ἐκείνου
779 3205 826 3280 δι
845 3205 954 3279 αὐτῶν
969 3209 1122 3280 ἐ’σοιτο“
1103 3239 1123 3302 η
1140 3207 1251 3284 ουσία.

123 3333 162 3389 86
174 3320 229 3384 καί
251 3322 286 3384 τί
307 3320 482 3398 ποιοῦσιν,
505 3307 742 3403 ἀπογράφουσι
763 3312 809 3380 τῶ
832 3314 937 3382 παῖδε
957 3313 1064 3381 τοότω
1083 3312 1170 3401 πρὸς
1191 3314 1253 3382 τὸν

175 3413 317 3507 άρχοντα
339 3413 385 3495 ῶς
407 3416 591 3503 εἰσποιήτω
606 3428 677 3494 τοῖς
691 3419 749 3482 τοῦ
765 3410 973 3504 Εὐκτήμονος
994 3417 1082 3484 ολίσι
1102 3429 1174 3493 τοῖς
1196 3441 1253 3485 τε·

175 3548 420 3558 -ο--ω--ῄ

259 3620 336 3676 ⁸1.3
360 3617 579 3695 προσεκαλέσατο
602 3603 669 3693 πρὸξ
695 3606 746 3674 τδν
767 3620 895 3693 άρλχοντα
911 3621 948 3674 εἰε
973 3651 1003 3659 -
1030 3620 1151 3687 Harpocr.
1169 3637 1195 3673 v.
1214 3623 1254 3676 εἰς

130 3688 134 3709 ⁵
176 3707 309 3776 ἐμφανῶν
326 3703 450 3757 κατάστ.;
466 3699 510 3758 Ἰσ.
529 3707 560 3756 ἐν
577 3705 617 3771 τῷ
636 3707 764 3776 περὶτοῦ
784 3702 985 3772 Φιλοκτήμονος
1001 3699 1108 3775 κλήρου.
1168 3703 1216 3759 32.
1235 3709 1253 3758 ²

177 3784 346 3862 φανοστράτ.
361 3805 484 3857 pr.,.corr.
499 3794 510 3842 1
530 3819 563 3829 -
582 3795 598 3842 4
610 3784 625 3841 6
637 3784 727 3858 κόριον
739 3790 842 3856 Sauppe
855 3818 887 3827 -
900 3792 916 3842 6
928 3783 1074 3856 παίδρων
1086 3803 1133 3854 με,
1151 3803 1217 3843 corr.
1229 3794 1254 3845 1.

261 3872 306 3930 88.
326 3877 341 3927 2
359 3868 552 3928 άπαδίδοιααιι
571 3889 619 3926 em.
633 3872 723 3940 Steph.
741 3903 773 3912 —
793 3876 808 3926 6
827 3871 944 3926 αἰπολίω
957 3887 1003 3939 με,
1021 3888 1084 3925 corr.
1096 3877 1119 3925 1.
1169 3869 1218 3928 84.
1237 3879 1254 3929 5

177 3962 216 4015 λίλ.
234 3958 290 4013 add.
308 3959 370 4014 Rsk.
439 3956 485 4014 35.
504 3963 519 4012 5
537 3953 602 4010 οὐδ’
623 3959 652 4009 ἐκ
670 3958 728 4010 Dbr.

119 4188 207 4208 Α
