2572 4476
59 265 91 306 13.
284 250 359 303 ΠΕΡΙ
377 252 441 305 ΤΟΥ
458 253 694 306 ΔΙΚΑΙΟΓΕΝΟΥΣ
711 254 848 309 ΚΛΗΡΟΥ.
1066 253 1108 316 59

60 426 93 497 δ’
121 427 141 500 ὅ
163 461 198 501 τι
220 435 272 502 δεῖ
293 437 408 523 λέγειν,
432 437 453 504 ἃ
478 438 514 504 δὲ
536 433 739 528 ῶμολογήθη
760 435 849 527 ήμῑν,
878 447 985 510 ταῦτα
1008 437 1107 511 ἀκού-

60 561 119 602 ιτε.
155 538 407 626 συγχωρούντων
421 538 484 627 γὰρ
498 537 592 627 ήμῶν
607 545 654 628 τῶ
669 537 804 629 ἀρχοντι
824 542 868 631 μή
885 551 1106 633 σοναριθμεῖν
1122 561 1158 615 18

60 637 114 703 1λά
138 645 271 725 συγχέαι
285 639 346 719 τὰς
367 641 515 731 ψήφους,
539 635 707 731 ἀφίστατο
729 644 790 728 μὲν
803 649 1022 734 Δικαιογίνης
1035 662 1108 715 τοῖν

60 753 124 806 ιοῖν
145 754 260 828 μεροῖν
282 746 342 808 τοῦ
362 742 482 830 κλήρου
504 758 579 822 ταῖς
596 749 833 831 Δικαιογένους
856 739 1029 835 ἀδελφαῖς,
1052 752 1108 814 καὶ

60 841 192 926 ιιολόγει
207 835 488 933 ἀναμφισβήτητα
502 846 720 933 παραδώσειν
733 843 813 935 ήμῖν
827 851 934 914 ταῦτα
949 845 992 915 τὰ
1006 852 1107 936 μέρη·

60 1045 191 1132 οιήσειν,
216 1041 254 1112 οὗ
275 1047 379 1131 μόνος
401 1040 486 1114 ἀλλὰ
508 1051 564 1115 καὶ
579 1051 867 1138 Μνησιπτόλεμος
889 1048 908 1119 o‘
927 1051 1106 1129 Πλωθεύς.

60 1148 82 1212 εὶ
103 1147 230 1215 τοότων
251 1145 329 1233 ὑμῖν
350 1148 429 1226 τοὺς
449 1149 621 1238 μάρτυρας
642 1152 841 1241 παρέξομαι.

282 1261 284 1267 “
453 1273 676 1326 ΜΑΡΤΥΡΕΣ.

107 1347 223 1435 Ἡμεῖς
251 1357 362 1419 τοίνυν
384 1357 488 1420 ταῦτα
511 1354 684 1434 παθόντες
706 1351 773 1422 ὑπὸ
796 1357 1019 1445 Λεωχάρους,
1047 1360 1104 1424 καλ
1121 1371 1157 1428 1⁹

60 1452 236 1536 ’γενόμενον
256 1449 336 1541 ήμῖν
360 1448 461 1522 αάτδν
483 1455 601 1545 ἐπειδή
624 1457 756 1540 εἵλομεν
778 1461 845 1524 τῶν
869 1458 1106 1546 ψευδομαρτυ-

60 1555 107 1616 ῶν
130 1547 309 1636 ἀτιμῶσαι,
334 1548 392 1620 οὐκ
415 1554 598 1644 ἐβουλήθης
599 1580 655 1637 ιεν,
679 1550 752 1621 ἀλλ’
773 1556 945 1644 ἐξήρκεσεν
959 1556 1001 1624 τὰ
1023 1553 1107 1680 ήμέ·

60 1677 105 1737 ρα
125 1649 161 1736 ήγ
149 1666 206 1734 μῖν
226 1659 464 1738 κομισαμένοις
479 1649 709 1745 ἀπηλλάχθαι.
748 1660 896 1725 τοιοῦτοι
914 1658 950 1724 δὲ
971 1659 1107 1780 γενόμε-

60 1778 79 1818 νι
100 1755 180 1840 περὶ
196 1754 379 1877 Λεωχάρην
386 1758 440 1822 καὶ
464 1762 662 1847 Δικαιογένη
686 1756 985 1848 ἒξηπατήθημεν(
967 1783 1017 1826 υπ
1048 1755 1107 1827 αὖ

60 1880 100 1936 εν,
124 1853 150 1919 ῶ
175 1851 311 1943 ἀνδρες
339 1853 415 1924 οότε
435 1856 498 1946 γάρ
520 1863 739 1949 Δικαιογένης
760 1859 803 1926 τά
833 1860 892 1928 δόο
910 1858 1046 1952 μέρηἰ
1026 1876 1106 1952 ημῖν

60 1981 82 2020 vv
71 1955 225 2045 κλήρου
248 1959 449 2046 παρέδωκεν,
479 1956 689 2049 ὁμολογήσας
717 1960 774 2029 ἐπὶ
796 1967 857 2031 τοῦ
879 1963 1103 2054 δικαστηρίου,

60 2051 99 2123 ἴτε
120 2059 307 2148 Λεωχάρης
335 2056 492 2148 ὁμολογεῖ
518 2061 749 2149 ἐγγυήσασθαι
772 2057 873 2130 αὐτὸν
897 2065 984 2132 τότε.
1029 2072 1103 2132 καί·
1118 2074 1156 2131 211

60 2184 78 2224 ιι
105 2159 175 2243 εἰι
162 2158 206 2246 μή
237 2159 386 2229 ἐναντίον
407 2162 468 2247 μὲν
489 2167 556 2230 τῶν
586 2163 761 2244 δικαστῶν,
789 2164 1060 2232 πεντακοσίων’
1048 2161 1105 2231 όν-

60 2286 100 2343 ον,
132 2260 243 2329 εναντί
245 2288 282 2330 ον
311 2263 347 2329 δὲ
374 2267 442 2330 τῶν
471 2264 737 2352 περιεστηκότων
763 2257 917 2350 ήγγνᾶτο,
947 2257 1005 2331 οὐκ
1034 2242 1100 2332 ολδ

66 2388 98 2430 τι
129 2353 237 2485 [ἀγ]’
223 2388 287 2431 επο
290 2371 392 2452 ίησεν.
443 2360 490 2442 ῶς
518 2365 579 2449 μὲν
600 2368 713 2430 τοίνυν
741 2369 939 2453 περιφανῶς
959 2365 1104 2485 φεόδον-

60 2492 95 2547 ιι,
125 2464 295 2553 μάρτυρας
317 2463 396 2549 ὑμῖν
417 2465 639 2554 παρεχόμεθα
659 2463 738 2544 τούς
758 2465 940 2556 παρόντας,
963 2462 1020 2535 ότε
1039 2474 1104 2537 Δι-

60 2570 196 2655 ιιογένης
228 2568 288 2652 μὲν
319 2561 488 2656 ἀφίστατο
520 2581 592 2636 τοῖν
627 2568 720 2634 δυοῖν
750 2582 866 2654 μεροῖν
888 2573 948 2637 τοῦ
981 2564 1102 2658 κλήρου

60 2671 81 2732 ιὶ
113 2663 278 2756 ῶμολόγει
306 2662 587 2759 ἀναμφισβήτητα
613 2670 831 2790 παραδώσειν
859 2686 934 2748 ταῖς
961 2676 1102 2738 Δικαιο-

62 2795 138 2848 νους
167 2764 345 2859 ἀδελφαῖς,
375 2770 562 2859 Λεωχάρης
592 2764 674 2836 δὲ’
656 2775 799 2857 ηγγυᾶτο
828 2764 928 2837 αὐτὸν
962 2770 984 2835 ά
1013 2768 1104 2854 ῶμο-

60 2896 145 2961 γησε
173 2875 230 2939 καὶ
258 2871 424 2960 ποιήσειν.
476 2871 627 2954 δεόμεθα
656 2869 692 2934 δὲ
713 2866 809 2936 καί(
791 2873 894 2952 υμῶν,
925 2856 952 2933 ῶ
976 2865 1102 2956 ἀνδρες,

81 3000 136 3053 τις
166 2973 319 3102 ἐτήγχανε
347 2971 466 3058 παρῶν
494 2970 584 3051 τότε,
615 2962 874 3088 ἀναμνησθῆναι
903 2968 932 3035 εἰ
968 2970 1104 3055 λέγομεν

60 3081 138 3166 ,ηθή
159 3103 215 3142 και
205 3070 437 3166 βοηθησαι
418 3090 513 3161 ημιν
538 3070 623 3152 ἐπεί,
646 3097 672 3136 ω
659 3056 816 3194 ἀνδρες,
841 3094 871 3136 ει
861 3069 1104 3161 Δικαιογένης
1120 3088 1155 3146 21

60 3182 138 3268 ηθή
162 3180 316 3265 λέγει,τί
336 3203 371 3264 η
358 3189 433 3261 ιεις
439 3168 676 3304 ὠφελούμεθα
691 3174 892 3298 νικήσαντες,
915 3163 937 3262 ή
957 3168 1046 3241 τί
1007 3201 1104 3255 ουτος

60 3280 197 3369 ημιῶθη
219 3276 397 3369 ἡττηθείς,
419 3277 449 3345 εἰ
471 3275 534 3367 γὰρ
557 3269 687 3366 ἀπέστη
709 3276 822 3363 μόνον,
845 3269 891 3356 ῶς
914 3301 1008 3369 φησι,
1030 3294 1103 3348 τοῖν

60 3395 116 3448 Ιοῖν
137 3396 254 3470 μεροῖν
269 3385 329 3448 τοῦ
342 3380 472 3469 κλήρου,
496 3373 776 3469 ἀναμφισβήτητα
798 3379 890 3446 δὲ
848 3406 893 3468 μη
910 3381 919 3466 Ι
939 3377 1103 3468 ῶμολόγει

101 3575 297 3660 9ἀντιλέγειν
313 3601 360 3652 pr„
383 3579 447 3636 ἀντι
464 3582 551 3634 indux.
573 3586 594 3634 1.
667 3583 712 3637 18.
730 3576 948 3650 4ἀναμφίβητοι
965 3609 999 3620 -
1022 3584 1102 3634 ὁκαὶ

60 3647 159 3737 ωλάγει
176 3668 227 3721 del.
246 3668 358 3736 Sauppe,
376 3671 421 3720 καί
438 3666 546 3718 retinuit
563 3663 693 3718 Schb.—
711 3661 891 3720 θπλυτιεάεε
910 3680 958 3716 em
974 3663 1103 3731 Schoem„

60 3752 142 3817 iipse
159 3750 371 3805 Πλαθαοάε-
337 3745 487 3848 -Ἱήμῖν
504 3767 550 3817 με,
568 3766 632 3804 corr.
653 3755 674 3804 1
749 3750 793 3804 19.
811 3744 1038 3846 θήβρυλήθημευ
1054 3766 1102 3816 pr„

60 3839 164 3890 rr.-1
176 3834 274 3890 θοντο
286 3839 388 3900 εο111
405 3831 484 3886 ουτος
494 3850 584 3900 pr
602 3831 772 3932 δίγγυήσα.
780 3852 848 3886 του
859 3850 923 3884 τοτε
934 3847 982 3899 pr
1000 3837 1102 3888 corn-1

108 3919 154 3975 20.
172 3915 242 3974 4ἃν
258 3921 310 3974 del.
328 3920 361 3972 de
378 3935 444 3971 meo.
513 3916 556 3973 21.
575 3922 629 3973 2..
637 3917 774 3984 ,ἡσαντιε
781 3933 829 3983 με,
847 3936 892 3969 ναι
909 3917 934 3967 in
952 3932 1002 3970 ras.
1022 3922 1045 3970 1.
1068 3943 1103 3956 -

60 3996 319 4075 ἅναμφισβήτητονε
339 4021 387 4057 em.
407 4001 526 4054 Schoem.
