2550 4478
52 270 61 294 ι
94 276 139 327 ,η
332 255 407 308 σενι
423 255 487 309 σοι
504 252 690 308 mmor
710 250 847 305 ααιιυοι.
1066 250 1126 311 ιοο

51 450 60 471 ⁸
93 420 165 503 ιύσας
187 423 244 502 τὰς
273 424 439 511 διαθήκας
467 423 520 510 [ἃς
543 420 751 511 ἒπσιήσατο].
804 421 892 501 εἰκὸς
919 421 982 508 γὰρ
1004 421 1128 490 ἐκεῖνον

39 518 62 572 5²
93 519 219 608 ούμύνον
248 523 429 609 ἐπιθυμεῖν
458 523 531 592 υἱὸν
554 523 784 612 ποιησάμενον
806 526 1013 605 καταλιπεῖν,
1043 519 1128 590 ἀλλὰ

39 617 56 673 5¹⁴
91 628 126 692 καί
148 631 344 694 σκοπεῖσθαι
373 619 468 704 ὅπως
495 624 683 712 κυριώτατα
711 625 806 692 έσται
835 623 855 690 ἃ
885 617 926 691 δν
954 626 1129 713 διαθῆται,

49 742 55 757 ’
90 730 126 794 καί
141 727 192 815 τήν
212 753 248 794 τε
264 721 390 808 ούσίαν,
413 726 452 794 ὃν
469 719 509 794 δν
525 726 647 804 ἐκεῖνος
662 726 910 815 εἰσποιήσηται,
935 721 1031 804 οὗτος
1053 727 1128 807 ἕξει,

39 844 57 875 ³·
89 832 124 896 καί
140 828 191 896 έπί
212 828 289 907 τούς
309 827 445 915 βωμούς
465 828 543 906 τούς
565 828 744 915 πατρῴους
760 823 856 907 οὗτος
871 829 1050 912 βαδιεῖται,
1073 832 1130 895 καί

88 930 285 1018 τελευτήσαντι
308 924 400 1018 αύτηῖ
421 934 477 997 καὶ
498 945 570 1008 τοῖς
593 929 717 997 ἐκείνου
732 930 913 1017 προγόνοις
933 929 975 996 τὰ
998 929 1129 1013 νομιζό-

42 1044 50 1051 ’
86 1055 142 1114 μισ
160 1031 311 1120 ποιήσει·
341 1025 477 1098 ἅπαντα
507 1033 542 1098 δὲ
569 1035 674 1098 ταῦτα
695 1026 831 1115 μάλιστ’
858 1023 899 1098 διν
928 1031 1052 1100 εἰδέναι
1074 1025 1165 1108 gns

41 1150 55 1190 '.
85 1136 191 1217 γίνοιτο,
215 1133 245 1200 εἰ
266 1133 312 1222 μή
337 1129 415 1200 ἄνευ
430 1137 498 1200 των
513 1134 644 1201 οἰκείων
659 1138 725 1200 των
747 1133 867 1202 ἑαυτοῦ
882 1133 942 1214 τὰς
965 1135 1131 1224 διαθήκας

85 1249 198 1317 σσωῐτο,
223 1229 309 1301 ἀλλὰ
331 1236 541 1322 πρῶτονμὲν
557 1250 721 1322 συγγενεῖς
742 1239 989 1324 παρακαλέσας,
1012 1237 1131 1306 ἔπειτα

84 1335 105 1402 ίί
120 1335 283 1425 φράτερας
305 1340 360 1404 καί
384 1336 540 1426 δημότας,
564 1337 683 1404 έπειτα
704 1343 771 1404 των
798 1335 908 1406 ἄλλων
931 1339 1131 1428 ἐπιτηδείων

40 1455 50 1486 -”
83 1429 154 1515 ύσσας
175 1436 312 1506 δύναιτο
335 1441 530 1517 πλείστους·
555 1432 641 1506 ούτω
663 1439 726 1526 γάρ
749 1440 817 1506 ε’ίτε
839 1439 923 1507 κατὰ
947 1447 1041 1527 γένος
1064 1442 1131 1506 εἴτε

40 1555 50 1589 ³
81 1539 139 1606 κατὰ
159 1539 255 1606 δόσιν
278 1533 507 1629 αἰμφισβητοίη
530 1565 591 1621 τις,
613 1541 739 1628 ῥᾳδίως
762 1532 802 1606 δν
818 1540 982 1627 ἐλέγχοιτο
1007 1542 1131 1626 ψευδό-

40 1656 41 1659 ’
79 1665 160 1723 μνσς.
197 1638 215 1709 ύ
240 1647 353 1709 τοίνυν
367 1636 567 1731 Ἀστύφιλος
590 1636 686 1709 οὐδὲν
708 1648 866 1731 φαίνεται
883 1648 1035 1710 τοιοῦτον
1050 1665 1167 1721 not-9

78 1739 147 1828 ήσας,
168 1736 247 1810 αύδὲ
271 1744 574 1832 παραστησάμενος
596 1739 715 1812 ούδένα
730 1744 857 1812 τούτων
879 1738 936 1811 ὅτε
959 1745 1093 1813 διέθετο
1111 1745 1131 1812 ἃ

40 1860 43 1871 ‘
77 1838 148 1913 ούτσί
168 1868 285 1935 φασιν,
315 1845 346 1911 εἰ
367 1844 412 1933 μή
435 1870 488 1923 τις
510 1841 575 1932 ἄρα
597 1842 664 1912 ὑπὸ
688 1847 816 1914 τούτων
838 1852 1021 1915 πέπεισται
1049 1843 1132 1933 ὁμο-

77 1943 161 2032 λογεῖν
182 1960 355 2034 παρεῖναι.
399 1939 501 2024 αύτός
523 1942 554 2011 δ’
580 1943 658 2031 ύμῖν
687 1948 818 2028 πάντας
844 1949 981 2027 τούτους
1008 1976 1133 2037 μαρτυ-

76 2051 192 2131 ροῦντας
215 2047 417 2134 παρέξομαι.

482 2154 705 2207 ΜΑΡΤΥΡΕΣ.

131 2229 229 2312 Ἴσως
262 2240 374 2301 τοίνυν
403 2236 520 2301 Κλέων
555 2232 671 2303 ούτοσί
702 2260 805 2324 φησιν
839 2231 896 2304 σύκ
924 2235 1012 2315 εἰκὸς
1046 2234 1132 2304 εἶναι
1149 2259 1185 2316 ιο

73 2342 243 2425 τεκμηρίοις
271 2330 356 2418 ύμᾶς
381 2336 578 2425 χρήσασθαι
605 2336 738 2416 τούτοις
765 2352 837 2416 τοῖς
870 2337 1043 2425 μάρτυσιν,
1080 2333 1133 2407 δτι

72 2441 259 2526 μαρτυροῦσι
287 2436 331 2523 μή
363 2437 487 2506 εἰδέναι
519 2433 722 2528 Άστύφιλον
751 2444 855 2506 ταῦτα
886 2441 1133 2527 διατιθέμενον.

73 2531 119 2622 ἰγσλ
141 2532 173 2604 δ’
200 2535 307 2623 οἶμαι,
340 2545 421 2628 περί
448 2566 485 2628 γε
514 2540 688 2630 διαθηκῶν
711 2539 812 2632 ούσης
839 2547 898 2632 τῆς
920 2537 1135 2635 ἀμφισβητή-

73 2658 139 2721 σεως
160 2642 217 2707 καί
239 2643 319 2725 περὶ
341 2645 401 2706 τού
423 2646 614 2732 ποιηθήναί
634 2669 710 2711 τινα
732 2644 805 2713 υἱὸν
827 2639 1028 2735 Άστυιγίλῳ,
1055 2642 1134 2735 ἡμῖν

72 2740 141 2807 πολύ
162 2747 383 2828 βεβαιοτέραν
399 2739 485 2810 εἶναι
506 2752 691 2832 μαρτυρίαν
705 2746 746 2832 ἢν
763 2747 795 2814 αἱ
812 2741 987 2834 ἀναγκαῖοι
1010 2746 1134 2815 ἐκείνου

72 2845 224 2930 περὶτῶν
247 2850 412 2929 μεγίστων
434 2843 478 2932 μή
503 2868 590 2932 ηασι
611 2852 880 2932 παραγενέσθαι,
902 2850 1030 2931 μᾶλλον
1052 2840 1073 2935 ή
1095 2849 1134 2934 ἣν

72 2942 95 3007 οἱ
119 2944 220 3033 μηδὲν
252 2945 477 3033 προσήκοντες
503 2951 708 3034 μαρτυροῦσι
736 2962 904 3035 παρεῖναι.
953 2950 1008 3015 καὶ
1039 2947 1133 3036 ἐχρῆν
1153 2973 1187 3029 11

73 3036 108 3124 δ’,
127 3033 152 3111 ιύ
176 3041 305 3134 ἄνδρες,
328 3050 383 3114 καὶ
407 3042 508 3114 αὐτὸν
530 3050 680 3130 Κλέωνα,
702 3047 747 3137 μή
772 3050 930 3116 δοκοῦντα
954 3045 1039 3116 εἶναι
1061 3045 1135 3138 ήλί-

74 3146 144 3230 διον,
174 3141 232 3216 ὅτε
259 3146 318 3215 τὸν
347 3148 420 3215 υἱὸν
446 3148 504 3216 τὸν
531 3149 649 3217 τούτου
679 3149 828 3217 ἐποιεῖτο
850 3145 1052 3239 Ἀστύφιλος
1079 3154 1136 3218 καὶ

75 3243 119 3324 τὰς
138 3247 307 3337 διαθήκας
328 3252 514 3334 κατέλειπε,
536 3254 770 3339 παρακαλέσαι
793 3251 827 3319 εί
846 3258 883 3320 τέ
900 3280 976 3321 τινα
1000 3256 1136 3341 συγγενῐ

80 3389 1136 3414 Ἥ

141 3486 165 3541 7.
184 3493 199 3540 5
218 3480 249 3539 ἃς
267 3485 435 3552 ἐποιήσαντο
448 3489 518 3552 flsk,
537 3489 587 3540 del.
600 3489 659 3541 Dbr.
677 3519 710 3528 -
728 3487 798 3542 ιίκὸε
814 3492 841 3542 in
859 3507 908 3544 ras.
922 3492 979 3544 add.
995 3497 1005 3544 l
1024 3520 1057 3530 -
1075 3485 1136 3544 δύο

77 3576 125 3621 ωσι.
143 3575 165 3637 1,
182 3565 217 3636 ἣν
235 3586 273 3638 pr.
347 3573 404 3628 8.1
432 3568 544 3639 μάλιστ’
565 3566 599 3624 ὂν
617 3573 678 3625 Bk.:
702 3570 823 3641 μάλιστα
846 3606 879 3614 -
903 3572 1005 3628 εἰδέναι
1028 3590 1091 3627 corr.
1111 3578 1134 3636 2,

77 3644 123 3702 σίδαι
137 3671 174 3722 pr.
198 3685 232 3696 -
258 3660 427 3728 ῖγέιυιντοι
447 3673 494 3710 em.
514 3657 572 3709 Dbr.
594 3686 628 3696 -
652 3658 749 3711 ἑαυτοῦ
768 3675 831 3712 corr.
851 3663 881 3724 2,
905 3657 1022 3725 ἐμαυτοῦ
1041 3673 1077 3725 pr.
1102 3689 1135 3696 -

79 3732 170 3807 ὖγίνατ
186 3742 231 3792 ὅτι
291 3740 335 3795 10.
354 3746 369 3795 3
388 3737 595 3809 διατιθέμενονι
615 3747 640 3794 et
659 3759 735 3810 supra
748 3762 781 3795 ον
799 3748 825 3795 et
843 3744 868 3794 in
886 3757 936 3807 mg.
951 3746 1021 3794 terna
1040 3749 1136 3811 puncta

74 3824 147 3883 ¹Posuit
166 3831 177 3877 1
197 3853 231 3863 —
250 3830 265 3878 5
286 3825 485 3891 εἰσποιηθῆναι
500 3827 562 3878 Nbr.
583 3855 615 3864 -
639 3830 654 3880 6
673 3832 732 3879 ante
750 3820 784 3892 ἣν
801 3842 865 3879 eras.
884 3825 920 3877 εῖτ
938 3855 971 3863 -
989 3824 1015 3877 οἱ
1032 3831 1135 3880 ῖκιίνου

79 3896 172 3975 Slssppe.
223 3909 299 3964 11.’3
318 3908 368 3962 τὸν
385 3916 444 3964 ante
461 3905 558 3964 τούτου
577 3927 597 3965 s.
617 3928 641 3964 v.
662 3915 672 3965 1
694 3941 727 3949 -
745 3916 762 3965 4
779 3907 921 3962 κατέλειπε
940 3925 987 3976 μα,
1005 3929 1018 3962 ι
1036 3915 1051 3965 2
1070 3929 1134 3966 ειασ.

81 4007 103 4022 ·
117 3993 146 4042 τί
160 3993 232 4072 θύσω
248 3996 281 4066 γε’
