2572 4476
127 206 189 269 130
613 206 722 260 ΙΣΑΙΟΥ
1123 224 1159 266 or.
1173 222 1204 263 ιι,

129 385 215 447 σδαι
237 372 315 462 ύμῖν
345 369 398 443 ὅτι
429 369 500 442 οὔτ’
527 368 631 443 άδικιῦ
652 374 711 443 τδν
742 375 851 443 παῖδα
874 368 969 444 ούδὲν
996 369 1068 444 ούτ>
1095 375 1197 459 ένοχός

129 482 199 566 εἰμι
220 478 359 557 ταύταις
380 492 455 557 ταῖς
479 478 604 556 αἰτίαις
627 471 703 544 ούδέ
724 475 808 543 κατὰ
830 476 964 565 μικρόν·
988 477 1039 545 έτι
1062 479 1098 545 δὲ
1114 471 1198 565 άκρι·

127 588 285 669 βέστερον
312 576 458 667 ήγούμαι
484 582 541 646 καὶ
571 578 605 645 ἐκ
633 582 699 645 τιῦν
729 574 837 646 ἄλλων
859 576 946 663 ύμᾶς
971 580 1201 668 μαθήσεσθαι,
1229 593 1231 628 ³

127 687 184 751 καὶ
212 681 272 771 τήν
301 679 382 770 ἐμήν
404 681 627 762 ἐπιδικασίαν,
657 676 702 759 αλς
730 685 869 766 γέγονεν,
899 674 1106 760 ἀκούσαντας
1128 684 1203 768 περὶ
1230 696 1238 732 ·.

131 779 250 853 αύτῶν.
295 783 371 869 ἐμοὶ
391 783 464 870 γάρ,
487 771 513 848 ὦ
538 779 664 870 άνδρες,
688 782 822 865 λαχόντι
842 785 903 848 τοῦ
930 782 1051 870 κλήρου
1074 783 1134 871 τήν
1158 784 1205 850 δί-
1233 800 1243 836 ·,

128 915 188 977 κην
211 883 286 955 ούτε
309 881 406 964 οὗτος
428 881 445 953 δ
470 889 525 952 νύν
548 884 605 970 ἐμὲ
628 884 846 971 εἰσαγγέλλων
874 877 972 973 ᾠήθη
1003 886 1073 953 δεῖν
1096 910 1206 974 παρα·
1240 903 1246 937 ³1

128 989 350 1076 καταβάλλειν
377 984 462 1073 ὑπὲρ
491 990 551 1053 τοῦ
572 985 712 1068 παιδός,
742 981 816 1052 οὔτε
845 987 878 1052 οῖ
901 991 1064 1072 Στρατίου
1087 988 1208 1066 παῖδες
1240 1006 1246 1012 “

132 1093 164 1157 οἱ
186 1085 286 1157 ταύτδ
310 1093 357 1175 τηῖ
379 1089 479 1157 παιδί
501 1088 734 1176 προσήκοντες,
841 1083 917 1155 ούτε
940 1081 986 1155 δι’
1014 1083 1096 1155 άλλο
1113 1083 1208 1156 οὐδὲν
1240 1113 1246 1139 ³

78 1209 113 1264 16
132 1188 247 1270 αὑτοῖς
276 1190 426 1273 ἐνόμιζον
455 1189 636 1278 προσήκειν
658 1189 784 1255 τούτων
812 1192 879 1256 τῶν
904 1188 1098 1278 χρημάτων·
1133 1190 1208 1257 ἐπεὶ
1243 1234 1246 1243 ·

130 1287 204 1360 οὐδ’
231 1283 271 1358 άν
300 1286 397 1369 οὗτος
426 1294 482 1357 νῦν
511 1289 586 1375 ἐμοὶ
614 1290 795 1377 πράγματα
823 1304 990 1378 παρεῖχεν,
1020 1291 1051 1359 εἰ
1080 1291 1124 1358 τά
1150 1297 1210 1359 τού

130 1392 256 1471 παιδδς
279 1392 356 1460 ε’ίων
380 1388 542 1479 ἁρπάζειν
570 1395 626 1459 καὶ
654 1391 699 1479 μή
722 1386 946 1481 ἠναντιούμην
970 1386 1069 1480 αύτῷ.
1115 1388 1210 1461 οὗτοι

129 1497 190 1583 μέν
218 1484 285 1575 σύν,
314 1488 429 1581 ὥσπερ
460 1491 566 1576 είπον,
595 1493 722 1571 εἰδότες
750 1487 804 1562 ὅτι
833 1492 895 1572 ’ἐξα
923 1481 1009 1582 ήσαν
1034 1499 1093 1583 τής
1116 1488 1210 1583 άγχι-

131 1606 254 1681 στείας,
277 1591 335 1666 ούκ
356 1590 592 1686 ἠμφεσβήτουν
616 1590 690 1662 ἀλλ’
716 1592 854 1685 ήσυχίαν
876 1591 979 1679 είχον·
1008 1597 1041 1663 οἱ
1065 1591 1097 1663 δ’
1123 1595 1208 1686 ὑπὲρ

129 1705 189 1790 τής
218 1694 422 1785 Εὐβουλίδου
453 1696 623 1786 θυγατρὸς
651 1698 872 1785 πράττοντες,
902 1701 960 1784 τῆς
988 1696 1026 1782 τύ
1055 1692 1137 1766 αύτδ
1161 1703 1209 1786 τῷ

130 1803 231 1870 παιδὶ
259 1806 315 1869 καί
343 1815 415 1880 τοῖς
436 1806 598 1888 Στρατίου
621 1802 724 1868 παισὶ
744 1798 993 1888 προσηκούσης,
1016 1803 1072 1867 καὶ
1095 1801 1129 1868 οἱ
1152 1800 1210 1867 κύ-

132 1930 200 1990 ριοι
222 1908 280 1992 της
294 1900 425 1988 Ἁγνίου
441 1900 566 1989 μητρδς
586 1888 672 1987 ἦσαν
694 1901 762 1968 οίοί
782 1925 819 1966 τε
834 1900 921 1988 πρὸς
944 1900 1001 1986 ἐμὲ
1017 1895 1210 1970 ἀντιδικεῖν.

79 2021 111 2076 17
133 2004 181 2083 εἷς
202 2004 368 2081 τοσαύτας
390 1997 420 2068 δ’
441 1997 587 2088 ἀπορίας
608 2007 813 2089 κατέστησαν
835 1995 855 2069 δ’
876 2029 911 2070 τι
934 1996 1210 2089 ἆντιγράψωνται

130 2109 211 2192 περὶ
232 2109 292 2193 τής
323 2098 526 2192 ἀγχιστείας,
554 2097 640 2169 ὥστε
661 2099 681 2191 ἡ
703 2104 765 2187 μὲν
786 2102 846 2170 τδν
867 2106 988 2193 κλῆρον
1010 2104 1130 2188 έχουσα
1153 2108 1209 2171 καί

133 2210 165 2277 οἱ
189 2210 337 2297 λέγοντες
365 2205 402 2275 τδ
432 2208 513 2328 περὶ
542 2200 644 2295 αύτής
664 2210 775 2293 γένος,
805 2205 922 2297 ἐπειδὴ
947 2206 1209 2293 κατεψεύσαντο,

133 2312 258 2400 ῥηιδίως
279 2304 342 2377 ύπ
368 2308 449 2394 εμού
470 2308 546 2376 τότε
569 2333 584 2375 ε
573 2304 871 2434 ξηλέγχθησαν’
836 2336 894 2378 ουκ
925 2305 1051 2400 άληδές
1072 2334 1107 2376 τι
1128 2309 1211 2396 γρά-

131 2425 200 2495 ψαι
228 2411 467 2500 τολμήσαντες,
498 2411 531 2476 οἱ
560 2404 635 2475 δΗ
617 2410 703 2496 υπὲρ
731 2415 790 2497 τής
819 2407 943 2498 ειίγνίου
971 2409 1096 2532 μητρὸς
1122 2416 1209 2496 γένει

131 2512 191 2595 μὲν
213 2508 288 2592 ἐμοὶ
302 2505 403 2577 ταύτδ
420 2511 716 2598 προσηκούσης-
739 2505 866 2599 ἀδελφή
889 2513 951 2600 γὰρ
966 2512 1006 2600 ήν
1029 2515 1088 2578 τοῦ
1103 2518 1211 2600 Στρα-

131 2618 266 2679 τίου·-
291 2609 382 2696 νόμην
411 2610 447 2676 δὲ
470 2604 783 2694 άποκλειομένης,
764 2634 802 2685 ος
823 2611 948 2676 κελεύει
976 2627 1108 2697 κρατεῖν
1130 2611 1211 2690 τοὺς

133 2708 281 2799 ἄρρενας,
304 2713 402 2776 τούτο
431 2710 492 2795 μὲν
515 2708 641 2787 ε’ίασαν,
671 2702 914 2789 οἰόμενοιδΗ
900 2713 981 2792 εμοῦ
1009 2713 1212 2804 πλεονεκτή-

133 2836 204 2881 σειν
225 2817 376 2914 μητέρα
374 2808 460 2879 εἶναι
474 2835 533 2877 του
520 2806 843 2896 τελευτήσαντος”
825 2822 991 2897 εγραψαν·
1015 2809 1033 2878 δ
1057 2821 1211 2900 συγγενέ-

134 2941 254 2983 στατον
276 2913 375 3001 μέν’
357 2941 398 3002 ην
419 2918 458 3002 τή
488 2910 589 3001 φύσει
610 2910 756 2993 πάντων,
787 2936 821 2979 εν
850 2913 886 2979 δὲ
908 2926 982 2991 ταῖς
1005 2905 1213 3000 ἆγχιστείαις

80 3036 116 3092 18
134 3015 404 3106 ὁμολογουμένως
434 3009 491 3082 ούκ
523 3012 623 3081 ε’στιν.
679 3011 751 3080 είτα
783 3014 919 3103 γράψας
952 3008 1095 3099 άνεψιοῦ
1125 3032 1212 3096 παῖς

134 3117 221 3188 εἶναι
247 3115 399 3194 κάκείνας
426 3110 658 3203 ἐξελέγξας
624 3142 681 3183 ουκ
710 3111 812 3194 ούσας
835 3115 869 3184 έν
897 3130 971 3194 ταῖς
995 3111 1210 3203 άγχιστείαις,
1241 3115 1245 3121 ’

133 3214 238 3299 ούτως
260 3217 507 3305 ἐπεδικασάμην
530 3211 613 3305 παρ’
638 3214 724 3302 ύμῖν,
747 3220 803 3284 καὶ
827 3212 935 3285 αύτῶν
959 3212 1017 3285 ούκ
1039 3219 1154 3303 ’ίσχυσέ
1174 3248 1210 3289 τι

200 3388 244 3444 15.
258 3391 271 3439 '1
286 3381 375 3452 άήθα
387 3402 434 3454 pr„
452 3401 516 3438 corr.
528 3389 540 3438 1
556 3416 588 3424 —
601 3389 616 3438 9
628 3380 714 3438 ταύτὸ
727 3385 786 3438 Bk.:
799 3383 890 3439 τούτο
902 3417 936 3426 -
948 3387 1039 3442 deesse
1051 3389 1111 3456 aliq.
1123 3405 1210 3457 persp.

1143 3473 1158 3524 λ

133 3524 203 3590 Βελι,
222 3524 252 3576 λλ.
264 3497 330 3591 ερρΙ.
347 3519 409 3574 οὔτε
426 3517 473 3574 διὰ
485 3522 566 3576 τοῦτο
634 3523 677 3578 16.
696 3527 711 3576 5
729 3521 758 3575 οἱ
769 3538 833 3576 corr.
848 3527 869 3589 l,
885 3541 914 3576 ο.
927 3540 964 3590 pr.
982 3554 1016 3563 —
1034 3529 1050 3578 6
1067 3520 1150 3591 εύβου
1161 3541 1209 3593 pr„

133 3613 226 3664 com
244 3638 277 3647 -
293 3605 326 3661 τὸ
340 3603 406 3660 αὐτὸ
419 3647 425 3662 .
438 3645 461 3660 ..
475 3603 586 3661 δικαίαν
608 3609 658 3661 τοῦ
682 3613 811 3678 στρατίου
836 3604 930 3662 παιδὶ.
948 3625 986 3676 pr.
1008 3612 1079 3673 (ente
1097 3604 1211 3664 δικαίαε

133 3709 196 3749 eras.
209 3693 270 3758 τά),
288 3691 329 3753 τῶ
347 3708 378 3744 ex
396 3692 445 3744 τοῦ
464 3709 528 3746 corr.
541 3697 570 3746 2:
589 3689 701 3746 δικαίως
719 3693 769 3748 del.
783 3693 850 3759 θῖνα,
869 3698 999 3764 στρατίου
1017 3693 1067 3746 del.
1080 3693 1211 3760 Schoem„

132 3781 188 3830 τοῖο
204 3780 341 3846 Στρατίου
359 3780 439 3830 παισὶ
457 3779 489 3830 ci.
508 3777 601 3845 Baiter,
619 3780 716 3832 mutavi
735 3778 767 3837 de
784 3794 842 3831 meo
861 3808 895 3818 -
913 3781 928 3832 8
949 3797 979 3831 τι
997 3779 1048 3832 del.
1066 3778 1126 3834 Dbr.

132 3863 173 3935 1.⁷.·
193 3867 206 3915 '1
225 3855 274 3914 ,δσ
290 3877 327 3929 pr.
390 3865 460 3919 18.1
480 3867 544 3918 παῖε
555 3860 820 3930 Ειτιρειίαοε,παῖδαι
837 3893 871 3903 -
889 3868 905 3917 2
922 3861 1060 3935 ἐξελέγξαι
1071 3863 1149 3917 Rsk:
1168 3865 1209 3926 ίξ-

132 3945 230 4019 ήλεγξα
246 3977 281 3987 -
300 3941 404 4001 3αύτοῖ
421 3965 467 4016 pr„
486 3965 550 4003 corr.
570 3953 583 4003 1
602 3979 635 3988 -
653 3968 681 4002 τι
700 3950 775 4007 Ram:
793 3966 835 4001 τιε
