2550 4478
127 242 169 306 58
609 238 719 293 ιεκιοε
1140 249 1204 290 om.

125 415 295 502 μάρτυρας
316 415 372 480 καὶ
387 407 475 500 ημᾶς
497 408 661 532 προδούς,
684 402 732 474 ὦν
755 407 848 475 ενεκα
869 408 952 472 ταῦτ
955 392 1182 487 ’έπραξεν’
1150 425 1201 466 ουκ

127 515 316 600 ἐκομίσατο.
366 506 543 602 ἀδικηθεὶς
570 507 651 578 δέ(
634 507 701 577 υπδ
731 512 1010 595 Δικαιογένουςγ
1011 496 1082 570 ιεδ
1114 499 1199 623 ήμῶν

127 616 272 685 πάλιν”
255 641 427 705 επραττεν.
471 611 619 702 ήμεῖςδέ
632 611 880 702 καθηγούμενοι
895 602 1005 677 οάκέτι
1027 602 1198 695 προσήκειν

126 716 378 806 Δικαιογένει”
361 742 446 801 εχειν
466 720 533 783 των
555 715 590 783 ἐκ
612 741 670 782 του
657 714 814 802 κλήρου
836 717 954 832 μέρος
961 703 1067 790 οὐδέν,
1092 705 1196 792 ἐπειδή

128 822 161 888 οἱ
183 820 347 910 μάρτυρες
368 818 531 902 ἑάλωσαν,
555 811 833 909 ἀμφισβητοῦμεν
863 807 954 900 αὐτην
977 805 1129 888 ἅπαντος
1149 809 1197 874 τοῦ

129 922 221 990 οῖ’κου
242 915 317 991 κατ’
337 915 537 1008 ἀγχιστείαν.
574 913 708 988 καίδτι
721 917 817 1008 ἡμεῖς
831 943 868 984 τε
886 909 1038 1004 ἀρδως
1024 911 1197 999 εγνώκαμεν

127 1025 184 1089 καί
213 1015 355 1089 οάδέν”
338 1048 388 1091 ετι
416 1022 578 1112 προσήκει
600 1026 811 1190 Δικαιογένει
840 1044 899 1086 του
885 1015 1054 1104 κλήρου,
1086 1013 1197 1103 ῥᾳδίως

76 1137 113 1192 15
131 1123 266 1202 διδάξω
304 1123 423 1190 δύο
384 1149 448 1212 γαρ
471 1121 673 1212 διαθήκαιέ
676 1124 839 1245 φάνησαν,
861 1116 966 1208 ήμδν
988 1117 1108 1198 πάλαι,
1130 1104 1194 1203 ἡδ’

127 1219 265 1313 ὕστερον
287 1227 418 1313 πολλῳ
447 1226 609 1295 καὶκατὰ
631 1224 749 1312 μέν
714 1252 774 1314 την
796 1217 1006 1302 παλαιάν,“
986 1247 1027 1309 ην
1057 1213 1198 1309 ἀπέφηνε

127 1323 341 1414 Πρόξενος“
324 1353 342 1394 ο
366 1333 604 1416 Δικατογένους
631 1330 766 1396 τουτουὶ
788 1324 916 1413 πατήρ,
946 1321 1002 1390 ἐπὶ
1032 1327 1082 1410 τῷ
1109 1328 1198 1408 τρίτην

127 1434 222 1516 μέρει
242 1432 301 1496 τοῦ
316 1429 438 1520 κλήρου
453 1430 597 1519 ἐγίγνετο
613 1435 661 1519 τῴ
683 1435 771 1518 θείην
786 1432 834 1515 τῷ
856 1423 1006 1515 ἡμετέρῳ
1022 1423 1096 1504 υἱὸς
1110 1449 1199 1512 ποιη-

128 1531 201 1614 τός,
231 1524 313 1599 καθ’
339 1531 380 1622 ἣν
409 1527 440 1601 δ’
468 1528 569 1614 αάτδς
592 1529 746 1624 ἀπέφηνε
767 1533 1002 1617 Δικαιογένης,
1025 1525 1083 1594 ἐπὶ
1107 1525 1200 1592 παντὶ

127 1638 175 1721 τῷ
204 1635 296 1722 οῖ’κφ.
345 1635 480 1704 τούτοιν
508 1637 545 1704 δέ
573 1652 646 1706 τοῖν
673 1635 855 1723 διαθήκαιν
882 1629 923 1721 ἣν
951 1630 1012 1714 μὲν
1041 1627 1202 1714 Πρόξενος

129 1729 291 1826 ἀπέφηνε,
313 1741 533 1829 Δικαιογένης
555 1739 672 1807 έπεισε
692 1737 771 1815 τοδς
793 1731 953 1811 δικαστάς
975 1727 1022 1809 ὡς
1050 1729 1109 1798 οὐκ
1130 1723 1203 1819 ἀλη-

127 1837 196 1926 θής
217 1838 286 1925 ε’ίη·
308 1835 349 1925 ἣν
371 1838 408 1905 δέ
428 1845 649 1928 Δικαιογένης
671 1833 853 1926 ἀπέφηνεν,
884 1837 917 1903 οἱ
941 1833 1205 1922 μαρτυρήσαντες

130 1932 232 2024 αὐτὴν
253 1937 312 2003 τδν
333 1942 431 2004 θεῖον
447 1937 505 2006 τδν
519 1936 680 2027 ήμέτερον
703 1940 894 2007 διαθέσθαι
909 1934 1062 2002 ἑάλωσαν
1084 1935 1207 2021 ψευδο·

77 2052 113 2108 16
129 2041 330 2126 μαρτυριῶν.
381 2032 511 2128 ἀμφοῖν
533 2040 569 2107 δέ
591 2054 663 2107 τοῖν
687 2036 869 2124 διαθήκαιν
895 2029 1031 2124 ἀκύροιν
1058 2041 1208 2123 γιγνομέ-

130 2167 213 2223 ναιν,
235 2142 292 2208 καί
314 2138 430 2226 ἑτέρας
450 2141 617 2230 μηδεμιᾶς
638 2136 903 2227 δμολογουμένης
926 2136 1023 2225 εἶναι,
1045 2137 1130 2205 κατὰ
1154 2137 1210 2205 δό-

131 2265 184 2311 σιν
205 2243 265 2328 μὲν
293 2235 405 2310 οὖδενί
427 2247 593 2332 προσῆκεν
621 2244 680 2308 τοῦ
701 2239 831 2328 κλήρου,
860 2233 935 2307 κατ’
962 2234 1152 2327 ἀγχιστείαν
1176 2238 1211 2306 δὲ

129 2359 205 2423 ταῖς
219 2349 456 2431 Δικαιογένους
474 2349 534 2412 τοῦ
548 2338 787 2422 ἀποθανόντος
809 2336 982 2432 ἀδελφαῖς,
1005 2335 1052 2409 ιδν
1068 2343 1154 2411 εἰσιν
1178 2337 1214 2408 αἱ

128 2441 287 2532 ἡμέτεραι
307 2452 456 2536 μητέρες.
495 2445 552 2514 διδ
576 2446 731 2512 δὲταῦτα
753 2444 847 2525 ἔδοξέ
867 2471 905 2513 τε
921 2442 1001 2533 ήμῖν
1024 2446 1137 2528 λαχεῖν
1153 2444 1213 2512 τοῦ

128 2545 249 2634 κλήρου
271 2542 344 2613 κατ’
364 2541 564 2634 ἀγχιστείαν,
586 2550 643 2615 καί
666 2546 824 2632 ἐλάχομεν
844 2552 905 2616 τοῦ
922 2552 1045 2634 μέρους
1063 2546 1214 2624 ἕκαστος.

129 2647 319 2733 μελλόντων
342 2643 372 2716 δ’
391 2645 485 2737 ἡμῶν
507 2643 741 2734 ἀντόμνυσθαι
764 2649 1005 2738 διεμαρτύρησε
1021 2649 1227 2739 Λεωχάρης.

77 2762 111 2818 1ῖ
132 2745 248 2818 οδτοσί
261 2749 306 2839 μή
323 2749 474 2818 ἐπίδικον
489 2748 576 2820 εῖναι
590 2751 650 2820 τδν
664 2754 783 2842 κλήρου
796 2748 885 2840 ήμῖν.
926 2747 1214 2835 έπισκηφαμένων

131 2844 164 2919 δ’
181 2847 276 2942 ήμῶν
297 2849 316 2919 r‘
339 2853 400 2938 μέν
414 2851 506 2941 λῆξις
520 2859 580 2921 τοῦ
600 2854 721 2944 κλήρου
744 2851 917 2942 διεγράφη,
938 2845 959 2938 ή
984 2850 1020 2916 δὲ
1042 2853 1109 2917 τῶν
1126 2864 1219 2937 mcv-¹

131 2955 361 3044 δομαρτυριῶν
384 2954 457 3043 δίκη
473 2954 588 3044 εἰσῄει.
625 2956 660 3024 ἐν
675 2957 711 3024 δέ
726 2960 775 3043 τῷ
797 2955 1000 3042 δικαστηρίῳ
1021 2952 1210 3038 πάνταμὲν

26 3124 30 3131 ,
129 3053 225 3146 ήμῶν
240 3056 405 3125 εἰπόντων
421 3048 442 3122 ἀ
457 3083 522 3146 περ
545 3065 631 3142 νυνί,
656 3055 767 3126 πολλὰ
787 3057 823 3124 δέ
837 3055 1043 3144 Λεωχάρους
1059 3049 1210 3123 ἀνταπο-

130 3159 371 3246 λογησαμένου,
408 3157 555 3247 ἔγνωσαν
587 3159 631 3227 τά
660 3159 772 3247 ψευδῆ
798 3162 1010 3246 μαρτυρήσαι
1040 3159 1208 3247 Λεωχάρη

130 3259 163 3326 σί
186 3259 350 3327 δικασταί.
389 3257 505 3351 ἐπειδή
530 3262 567 3329 δέ
587 3265 687 3329 τοῦτο
710 3257 856 3349 φανερδν
871 3257 999 3346 ἐγένετο
1021 3258 1210 3348 έξαιρεδει·

131 3362 199 3427 σῶν
221 3363 288 3427 τῶν
310 3361 446 3450 ψήφων,
478 3361 499 3430 ἀ
527 3365 588 3448 μὲν
609 3366 676 3430 τῶν
699 3361 864 3429 δικαστῶν
886 3364 942 3429 καὶ
967 3358 1062 3451 ήμῶν
1085 3361 1209 3452 ἐδεήθη

130 3463 316 3553 Λεωχάρης
336 3455 359 3552 ή
380 3458 445 3532 δσα
465 3462 545 3554 ἡμῖν
568 3465 731 3552 ἐξεγένετο
754 3464 1015 3555 διαπράξασθαι
1036 3465 1112 3533 τότε
1120 3517 1129 3547 ,
1154 3458 1212 3532 οἰκ

214 3649 258 3706 14.
278 3655 292 3705 5
311 3647 406 3706 οὔποθ’
426 3647 520 3723 ἡγοάμ.
536 3653 606 3720 Ιίίῖτ,
624 3654 652 3707 st.
665 3650 737 3708 καθ’
750 3649 818 3721 ἡμᾶς
834 3649 878 3725 ήγ.
896 3683 930 3692 -
947 3656 964 3707 δ
983 3650 1146 3723 δι...σγένἐι
1165 3670 1213 3722 pr„

131 3748 195 3786 τοτε.
206 3738 218 3786 1
239 3763 271 3772 -
289 3739 395 3806 μέρο.ε.
441 3738 484 3793 Ιέν.
500 3743 512 3792 1
526 3732 709 3810 ἀπεφάνησαν
722 3739 780 3791 Dbr.
793 3766 826 3778 ·—
839 3741 854 3791 λ
867 3734 963 3791 πολλῶ
976 3742 1036 3805 post
1048 3732 1134 3790 πάλαι
1147 3739 1213 3806 legi-

130 3820 185 3870 tur:
204 3822 299 3887 transp.
317 3822 389 3878 Turr.
407 3823 471 3876 Rsk.
487 3838 538 3876 sec.
557 3843 590 3862 ‘-
608 3828 624 3878 3
642 3826 689 3876 ἐπὶ
706 3822 767 3877 Bk:
786 3826 825 3875 έν.
893 3823 936 3878 16.
956 3827 970 3877 5
990 3818 1079 3888 δδιδή
1096 3823 1161 3879 Rsk.
1180 3855 1214 3865 -

131 3901 207 3955 δτοῦ
218 3906 313 3974 μέρους
322 3908 354 3960 δε
363 3923 435 3963 meo:
447 3905 480 3960 τὸ
491 3910 578 3980 μέροε.
612 3908 652 3962 Ιῖ.
666 3913 679 3961 1
693 3911 924 3978 ἐπισκεψομένων
933 3935 965 3946 -
974 3912 990 3962 4
1000 3905 1079 3975 ήμῶν
1088 3924 1108 3960 ε.
1119 3925 1143 3963 ν.
1156 3915 1165 3964 l
1180 3940 1215 3952 —

131 3989 147 4040 6
161 3985 348 4057 ίξιραδεισῶν
358 3990 417 4045 Dbr.
428 4021 462 4031 -
477 3987 567 4059 δάμῖν
581 3991 717 4063 ἐξεγένετο
727 3987 794 4060 ἡμῖν
803 4009 850 4062 pr„
864 3992 994 4061 posterius
1006 3986 1071 4060 ἡμῖν
1082 3992 1186 4048 induxit
1201 4005 1213 4052 l
