2550 4478
150 157 212 218 110
632 159 739 214 mmor
1157 173 1189 216 οι.
1221 166 1271 207 ο.

150 329 378 420 ἐπιδημοῦντα
406 327 609 416 ἐγίγνωσκεν,
638 331 694 397 καί
716 328 795 408 τοδς
817 324 954 414 ἄλλους,
986 319 1055 413 ότιμ
1083 350 1148 413 περ
1168 325 1268 412 λιι·-

148 437 252 519 βραχυ
267 428 341 520 ᾔδει
355 425 558 520 Ἀστύφιλον
569 429 749 517 χριόμενον.
783 432 932 497 κωλῦσαι
952 430 1013 513 μέν
1034 426 1099 515 γὰρ
1121 420 1267 499 οὐδεὶς

150 525 216 621 [δν]
234 528 336 601 αὐτόν
351 533 498 614 δδόνατσ,
515 526 582 620 ότηι
599 531 763 618 ἐβούλετο,
780 533 897 599 δοῦναι
910 530 954 597 τὰ
969 528 1106 596 ἑαυτοῦ·
1121 528 1255 611 τούτῳ

151 630 182 702 δ’
210 626 250 703 όν
272 635 397 724 μεγάλη
420 639 584 762 μαρτυρία
604 622 655 722 ήν,
678 627 732 702 ότι
755 628 793 701 οὗ
816 633 932 721 λάθρᾳ
953 635 1059 698 ταῦτα
1083 631 1249 697 διέθετο-

96 751 132 808 12
150 732 269 821 έτιδ),
292 725 319 804 ὦ
351 734 483 825 ἄνδρες,
514 736 594 821 είμ
585 733 671 804 ι“έν
655 763 672 804 ο
696 726 897 824 Ἀστύφιλος
925 734 1052 855 μηδένα
1075 731 1247 819 έβοόλετσ

149 833 318 908 είδέναι”
298 866 352 907 οτι
373 839 432 906 τόν
448 763 658 916 Κλέωνός(
625 837 699 906 υιδν
714 837 863 906 ἐποιεῖτο
885 828 1006 924 μηδ”
986 860 1040 902 οτι
1063 832 1245 922 διαθήκας

146 943 267 1008 καταλί
253 948 345 1022 ί,ποι
375 939 506 1018 είκδς’
488 967 530 1063 ην
557 941 642 1030 μηδὲ
665 936 767 1008 ἄλλον
788 940 914 1028 μηδένα
942 935 1172 1058 ἐγγεγράφθαι
1191 933 1245 1002 έν

147 1047 195 1130 τηί
216 1049 433 1130 γραμματείῳ
455 1042 622 1130 μάρτυρα·
651 1036 737 1109 εἶδ’
764 1041 913 1109 ἐναντίον
940 1037 1121 1128 μαρτύρων
1147 1042 1239 1128 φαίσ·

148 1171 241 1213 νεται
262 1145 480 1229 διαθέμενος,
509 1144 637 1212 τούτων
660 1145 697 1212 δὲ
718 1145 763 1233 μή
787 1149 854 1210 των
876 1143 1025 1229 μάλιστα
1049 1145 1238 1229 χρεωμένων

148 1241 233 1314 ἀλλὰ
254 1251 322 1315 τῶν
344 1246 553 1330 ἐντυχόντων,
577 1251 652 1326 πῶς
674 1247 762 1325 εἰκός
784 1245 875 1314 ἐστιν
898 1241 1040 1333 ἀληθεῖς
1062 1242 1150 1313 είναι
1168 1243 1236 1323 τὰς

94 1357 131 1416 18
149 1350 332 1440 διαθήκας,·
355 1344 393 1418 οὗ
415 1350 477 1438 γὰρ
492 1346 636 1439 ήγοῦμαι
651 1350 752 1437 ’έγωγε
767 1344 897 1426 οὐδένα,
920 1347 994 1416 υἱόν
1016 1347 1127 1435 ἑαυτῷ
1148 1372 1234 1415 ποκ’

147 1452 296 1539 σύμενον,
319 1457 485 1543 τολμήσαι
508 1449 629 1531 α’λλους
650 1452 745 1531 τινὰς
759 1454 994 1540 παρακαλέσαι
1015 1441 1037 1537 ή
1056 1451 1061 1535 Ι
1080 1450 1232 1532 τούτους,

148 1554 199 1634 οίς
219 1581 284 1644 περ
306 1559 363 1623 καὶ
386 1557 484 1643 ἱερῶν
505 1557 562 1622 καὶ
584 1550 688 1622 όσίων
702 1554 862 1623 κοινωνόν
878 1547 959 1621 ἄνθ’
980 1550 1083 1620 αὖτοῦ
1107 1550 1231 1630 είςτδν

147 1655 266 1725 ἔπειτα
285 1658 405 1745 χρόνον
421 1657 536 1741 έμελλε
550 1659 758 1725 καταλιπεῖν.
804 1653 889 1724 ἀλλὰ
911 1654 978 1744 μήν
1000 1649 1074 1723 οὐδ’
1094 1655 1229 1739 αἰσχυν·

145 1762 253 1847 θῆναι
274 1754 385 1825 οὐδενὶ
407 1758 571 1847 προσήκει
586 1758 645 1826 ἐπὶ
666 1759 839 1837 τοιαύταις
862 1757 1045 1847 διαθήκαις
1060 1753 1108 1836 ὥς
1129 1759 1224 1826 πλεί·

147 1881 246 1936 στους
259 1857 430 1946 μάρτυρας
444 1864 693 1985 παρίστασθαι,
717 1859 820 1943 νόμου
842 1884 878 1946 γε
900 1855 997 1938 όντος
1020 1857 1145 1938 ἐξεῖναι
1160 1851 1231 1946 ότιμ

144 1963 301 2052 βούλοιτο
325 1959 501 2030 δοῦναι
464 1988 506 2027 τα
529 1960 660 2029 ἑαυτοῦ.

93 2072 130 2128 14
233 2070 417 2152 Σκέψασθε
440 2050 535 2145 δέ,
509 2090 535 2129 ω
560 2059 687 2152 ἄνδρες,
708 2066 767 2131 καὶ
789 2063 824 2131 έκ
844 2068 905 2131 τοῦ
922 2063 1045 2153 χρόνου
1071 2063 1111 2132 δν
1133 2057 1225 2132 οὗτοι

145 2172 278 2256 λέγουσι
300 2169 394 2255 περί
401 2192 468 2234 των
492 2166 675 2290 διαθηκῶν.
720 2159 776 2234 ότε
797 2164 859 2288 γὰρ
883 2165 931 2244 εἰς
954 2165 1153 2256 Μυτιλήνην
1176 2164 1225 2244 ἐξ·

145 2274 242 2339 έπλει
265 2269 534 2358 στρατευόμενος,
555 2269 632 2336 τότε
655 2263 814 2358 φασὶν’
776 2267 878 2335 αυτὸν
892 2273 997 2336 ταῦτα
1013 2269 1224 2337 διαθέσθαι·

145 2379 304 2462 φαίνεται
327 2371 363 2436 δὲ
385 2367 402 2436 ό
426 2364 628 2459 Ἀστύφιλος
655 2373 704 2456 τῷ
725 2370 851 2436 τούτων
880 2370 967 2458 λόγῳ
996 2369 1039 2438 τὰ
1061 2374 1225 2457 μέλλοντα

146 2469 280 2542 ἅπαντα
309 2471 452 2539 ἐ’σεσθαι
480 2471 658 2557 προειδώς.
708 2477 845 2559 πρῶτον
873 2474 934 2558 μὲν
962 2472 1025 2562 γὰρ
1049 2473 1226 2562 ἓστρατεό·

145 2598 228 2644 σατο
252 2575 299 2653 εἰς
315 2572 496 2661 Κόρινθον,
520 2572 639 2640 ’έπειτα
661 2573 709 2653 είς
727 2577 922 2653 Θετταλίαν,
946 2575 997 2643 ἐ’τι
1019 2576 1055 2643 δὲ
1076 2576 1138 2645 τόν
1158 2583 1225 2668 Θη·

142 2675 260 2764 βαϊκδν
283 2675 435 2760 πόλεμον
451 2668 595 2757 ἅπαντα,
618 2677 675 2742 καὶ
697 2671 820 2744 ἄλλοσε
835 2670 922 2744 ὅπου
938 2702 1004 2764 περ
1020 2676 1224 2747 αἰσθάνοιτο

145 2779 335 2905 στράτευμα
362 2777 617 2899 συλλεγόμενον,
652 2773 827 2866 ἁπανταχῇ
856 2772 1023 2867 ἀπεδήμει
1057 2782 1224 2867 λοχαγῶν·

98 2886 198 2950 ·καλ
222 2876 335 2950 055'³
322 2905 355 2948 εν
377 2906 439 2968 μιηι
460 2877 588 2946 τούτων
609 2880 736 2959 τωνξ
699 2878 714 2947 έ
717 2879 823 2959 ξόδων
846 2879 1013 2969 διαθήκας
1033 2883 1224 2951 κατέλιπεν.

143 3012 163 3071 η
152 2981 224 3051 εδὲ
242 2981 341 3061 εἰς
304 3008 365 3070 την
379 2981 576 3099 Μυτιλήνην
591 2987 770 3106 στρατεία
779 2975 1007 3049 τελευταία’
969 2985 1061 3102 αυτηῖ
1083 2980 1224 3070 ἐγένετο,

91 3093 127 3150 15
145 3079 215 3153 έν
194 3112 214 3172 η
229 3088 286 3152 καί
303 3078 468 3150 ἇπέθανε.
503 3108 549 3169 την
567 3108 624 3149 ουν
638 3075 679 3149 5v
695 3081 789 3167 ὑμῶν
804 3089 925 3174 φανείη
941 3081 1075 3166 πιστόν,
1098 3084 1226 3173 πρότε-

142 3209 201 3272 ρον
216 3180 320 3262 ἄλλας
345 3188 521 3270 στρατείας
542 3179 814 3274 τοῦἈστυφίλου
830 3190 1093 3274 στρατευομένου
1114 3189 1172 3255 καὶ
1190 3212 1226 3255 ευ
1265 3178 1271 3185 ’

142 3278 313 3365 είδότος”
293 3310 347 3352 οτι
365 3280 433 3350 ἐνς
414 3283 566 3363 απόσαις
587 3287 705 3370 μέλλοι
719 3281 984 3370 κινδυνεύειν,ί
952 3282 1058 3366 οότως
1076 3281 1226 3377 όικριβως

141 3388 183 3456 τὰ
205 3385 301 3477 παρὰ
329 3389 388 3475 τής
415 3385 514 3476 τόχης
535 3392 716 3478 συμβῆναι,
746 3382 833 3456 ὥστε
856 3389 890 3458 ἐν
911 3390 972 3475 μὲν
993 3393 1042 3477 τῷ
1064 3389 1226 3476 πρόσθεν

227 3580 251 3629 5.
270 3568 360 3641 δότω
379 3593 431 3645 περ
448 3576 569 3648 ἔμβραχυ
581 3576 658 3630 Goba
676 3569 734 3629 όταν
747 3573 880 3648 έπιβραχό
893 3593 963 3676 περ
963 3577 1020 3641 (em
1032 3581 1135 3645 pr)
1154 3571 1228 3632 vav

139 3660 470 3714 s..v1·..-delSchb
489 3654 787 3732 88'corr.,'.lypr
838 3647 1022 3729 12Η3ήν..
1028 3679 1091 3730 ..pr
1145 3661 1224 3719 151

140 3741 192 3815 γὰρ
209 3738 245 3795 δν
263 3742 349 3809 δυλιλν,
366 3745 396 3797 st.
413 3740 513 3798 ουδένα
531 3739 699 3798 πώποτε-
716 3742 854 3817 3οδσιιιρ
872 3750 899 3800 et
915 3743 1075 3800 κοινωνοῦν·
1094 3761 1146 3801 em.
1161 3748 1226 3803 nbr.

140 3857 173 3867 -
192 3832 207 3882 6
225 3845 304 3881 στω
320 3844 394 3894 τοτα,
412 3826 485 3882 οὕτω
504 3845 541 3896 pr.
610 3829 654 3885 14.
673 3834 687 3882 5
705 3823 819 3884 ἅπαντα
836 3832 905 3899 vulg.
919 3847 969 3884 om.
988 3859 1022 3870 -
1041 3824 1091 3883 7⁸
1074 3850 1140 3885 οιτον
1159 3832 1226 3892 ΒαΙι,

225 3913 269 3969 15.
290 3915 302 3966 1
322 3911 437 3983 πότερον
455 3930 501 3982 pr„
520 3930 583 3969 corr.
602 3917 617 3967 2
635 3944 670 3954 -
688 3919 703 3969 3
721 3908 808 3968 οὕτωσ
826 3932 890 3970 corr.
911 3922 933 3982 1,
951 3909 1025 3969 ὥστε
1042 3931 1082 3983 pr.
