2572 4476
499 232 690 287 PRAEFATIO.
1078 232 1133 285 xm

56 413 117 454 του
132 389 198 453 τῶν
213 424 254 435 -
270 389 335 449 VIII
351 391 402 461 29,
415 392 435 453 6
449 392 564 472 κυρίαν
578 399 719 453 ποιεῖν
734 421 776 433 -
791 389 842 461 25,
859 392 928 467 4sq.
944 384 1039 472 παρὰ
1053 384 1132 451 τού-

59 509 119 550 του
136 478 168 550 d‘
185 522 228 532 -
244 486 282 547 IX
299 489 382 560 3114
398 476 431 550 δ’
448 480 526 569 ὑμῖν
542 521 584 530 -
600 487 650 558 32,
663 488 682 548 2
698 476 884 570 ἆστυφίλου
898 522 941 533 -
957 489 1035 561 37,1
1053 486 1131 549 τοῦ·

59 609 117 649 τον
133 620 173 629 -
188 584 214 645 X
231 587 279 658 19,
297 589 372 664 5sq.
389 575 490 668 αὐτὴν
506 579 590 658 ἕξειν
607 617 645 627 -
661 582 703 643 XI
717 587 746 657 4,
765 586 780 645 1
799 579 835 646 δέ
849 605 903 647 τοι
918 617 957 628 -
974 586 1025 657 47,
1041 585 1060 645 2
1075 606 1131 669 τη·

60 682 208 746 λικαῦτα.

147 780 279 840 Oratio
301 779 523 841 duodecima
545 786 575 838 01
596 796 630 838 01
646 795 720 855 quae
735 775 904 837 Rehherum
923 783 1044 837 secutus
1058 774 1133 854 elegi

60 878 272 956 fragmenta
287 877 415 948 maiora,
431 876 461 935 in
478 874 612 954 Dionysii
626 873 894 934 halicarnassensis
908 874 945 935 de
960 872 1042 933 Isaeo
1057 871 1133 933 iudi·

60 975 106 1035 cio
122 982 235 1036 servata
256 983 338 1035 sunt.
368 966 455 1043 Quod
478 988 606 1050 quorum
629 971 763 1031 codicum
780 989 838 1051 ope
854 969 1071 1032 restituendum
1085 969 1132 1041 sit,

60 1071 274 1132 demonstravit
296 1069 410 1130 Usener
432 1068 462 1128 in
485 1067 582 1129 annal.
597 1068 698 1147 philol.
716 1069 798 1133 1873
813 1086 842 1147 p.
861 1071 920 1131 145
934 1085 1001 1146 sqq.
1038 1067 1133 1139 Quam

61 1168 209 1227 rationem
231 1167 261 1227 in
290 1165 408 1228 utendis
429 1167 464 1228 iis
485 1173 605 1229 secutus
626 1165 695 1239 sim,
717 1182 766 1227 res
788 1165 850 1245 ipsa
873 1165 1001 1226 docebit.
1033 1164 1133 1226 Varias

63 1263 207 1325 lectiones
229 1263 364 1325 codicum
379 1263 402 1324 F
418 1264 516 1342 (Laur.
532 1262 605 1344 plut.
620 1262 686 1324 LIII
702 1264 753 1340 15)
775 1272 805 1325 et
826 1264 854 1324 M
870 1261 1053 1341 (AmbrosIl
1072 1263 1132 1326 119

61 1361 141 1440 sup.)
162 1360 358 1441 suppeditavit
380 1361 486 1436 Sadee,
509 1360 546 1423 de
568 1360 701 1442 Dionysii
722 1360 990 1422 Halicarnassensis
1015 1359 1134 1439 scriptis

61 1459 219 1520 rhetoricis
234 1459 423 1538 quaestiones
437 1460 567 1521 criticae.
584 1459 774 1537 Argentorati
787 1460 879 1522 1878.
902 1457 1051 1520 CodicisP
1067 1457 1133 1533 (Pa-

60 1557 109 1617 lat.
118 1557 171 1632 58)
186 1556 330 1618 lectiones
342 1576 412 1618 cum
423 1575 512 1618 nemo
523 1557 620 1617 adhuc
630 1555 831 1633 diuulgaverit,
847 1555 1051 1633 apographum
1063 1553 1134 1627 eius,

62 1653 194 1713 codicem
212 1653 235 1712 Α
251 1653 429 1730 (Parisinum
448 1654 555 1728 1657),
576 1652 707 1724 0001111;
730 1652 814 1712 cuius
828 1651 973 1711 lectiones
988 1649 1027 1709 111
1042 1648 1134 1708 adno·
1156 1702 1162 1711 ,

61 1749 170 1809 rationi
185 1749 307 1822 inserui,
322 1757 356 1809 ut
371 1749 478 1809 menda
493 1749 667 1829 scripturae,
683 1766 758 1827 quae
772 1748 894 1828 propria
904 1747 952 1808 ille
964 1745 1052 1808 habet
1066 1765 1134 1826 per·

62 1846 165 1920 multa,
182 1845 357 1907 omitterem.
388 1845 524 1908 Codicem
539 1845 563 1907 B
579 1846 714 1925 (Parisin.
732 1846 825 1923 1742)
841 1846 917 1906 idem
932 1843 996 1924 ipse
1011 1843 1134 1907 contuli.

149 1942 287 2004 Ceterum
308 1943 529 2005 adnotationem
550 1943 582 2004 in
605 1943 651 2006 his
672 1943 708 2005 ad
731 1943 846 2005 easdem
868 1943 998 2005 rationes
1022 1942 1133 2024 redegi,

64 2061 137 2121 quas
152 2058 243 2121 supra
257 2040 392 2102 indicari.
429 2041 551 2120 Legitur
566 2049 665 2104 autem
686 2041 717 2102 in
740 2040 824 2102 libris
839 2041 892 2102 XII
907 2044 926 2105 6
947 2043 1134 2127 γίνεται-

63 2142 93 2209 9,
110 2141 129 2201 9
145 2133 318 2220 ἐγίνωσκεν
334 2173 373 2182 -
391 2140 420 2213 3,
436 2141 456 2201 4
472 2135 700 2223 φράτορας-
721 2139 750 2211 8,
768 2143 786 2202 7
803 2134 970 2223 φράτορσι
991 2171 1033 2182 -
1048 2140 1078 2209 6,
1096 2140 1135 2202 12

65 2227 233 2320 εὐφιλήταν
248 2231 356 2298 τούτω
370 2269 414 2280 -
429 2238 459 2307 9,
477 2239 513 2298 11
532 2227 710 2321 εὖφίλητον
732 2235 850 2298 τοῦτον
863 2267 907 2278 -
921 2236 958 2295 11.
974 2234 987 2294 I
1004 2240 1019 2297 1
1037 2227 1138 2315 εὔμα-

64 2336 126 2396 θεῖ
146 2329 270 2405 τούτω;
294 2333 364 2393 item
380 2334 409 2404 2,
426 2335 454 2394 4.
491 2331 555 2392 Vox
577 2350 606 2410 q.
622 2351 648 2392 e.
672 2326 771 2406 αὐτὸς
792 2330 884 2392 semel
905 2331 978 2393 11100
1001 2331 1139 2411 spiritum

65 2447 204 2508 asperum
220 2428 308 2489 habet
323 2429 354 2488 in
369 2426 393 2487 F
408 2426 472 2504 (XII
484 2430 538 2501 3,2
555 2421 680 2504 αὑτῶν),
695 2448 782 2508 saepe
798 2430 895 2490 lenem
911 2429 983 2490 lalso
998 2429 1029 2490 in
1041 2428 1138 2490 omni·

65 2527 123 2587 bus
137 2525 230 2586 libris.
270 2580 272 2585 .

152 2622 176 2682 E
199 2622 320 2702 rehquis
341 2623 513 2702 fragmentis
534 2615 629 2686 unum
651 2625 700 2685 hic
721 2625 851 2698 subicio,
876 2626 955 2703 quod
978 2625 1137 2686 Sakkelion

67 2719 202 2796 (bulletin
218 2722 254 2782 de
269 2738 400 2799 corresp.
411 2720 579 2800 hclldnique
594 2724 675 2785 1877
688 2741 717 2802 p.
729 2724 801 2800 151)
817 2742 851 2784 ex
866 2723 942 2783 libro
957 2712 1056 2783 vetere
1071 2723 1139 2782 Pat-

66 2819 161 2878 miacc
176 2818 207 2878 in
223 2817 319 2878 lucem
335 2817 467 2896 protulit.
497 2819 575 2880 Sunt
589 2828 686 2880 autem
702 2820 760 2881 11110
775 2829 843 2899 post
857 2821 957 2880 falsam
972 2818 1053 2878 vocis
1068 2836 1097 2895 q.
1113 2836 1139 2877 e.

68 2911 271 2996 ἓκμαρτυρία
286 2913 489 2973 definitionem
504 2915 594 2974 verba
608 2916 693 2974 haec:
716 2906 761 2988 ὥς
783 2934 887 3008 appoto
897 2907 1019 2990 Ἰσαῖος
1041 2910 1075 2979 ἒν
1092 2917 1140 3000 τῴ

66 3005 178 3093 πρὸς
195 3000 455 3094 Ἐπικράτην·
484 3000 531 3073 Οὖ
547 3013 657 3073 τοίνυν
671 3007 785 3092 μόνον,
800 3009 827 3075 01
843 3005 960 3098 ἄνδρες
975 3011 1139 3093 δικασταί,

66 3103 191 3192 ταύτην
212 3101 272 3189 τὴν
293 3109 477 3190 μαρτυρίαν
495 3103 704 3198 μαρέξομαι,
734 3099 895 3175 ἀλλὰκαὶ
922 3107 1140 3196 ἐκμαρτυρίαν

68 3202 184 3284 ἑτέραν
199 3199 414 3286 Μυρωνίδου,
438 3199 475 3280 ὃς
489 3199 529 3288 ἦν
543 3205 610 3267 τοῖν
626 3202 778 3291 δημοτῶν
793 3206 1033 3293 πρεσβύτατος.

154 3302 188 3362 In
211 3300 524 3363 emendationum
553 3303 782 3367 auctoribus
801 3302 966 3371 indicandis
988 3310 1034 3371 his
1059 3311 1140 3390 siglis

68 3418 140 3460 usus
155 3417 236 3459 sum:
255 3398 319 3459 dld.
335 3427 378 3450 =
393 3400 492 3472 Aldus,
509 3401 610 3479 Stepb.
625 3429 668 3452 =
682 3402 859 3482 Stephanus,
881 3406 951 3468 Rsk.
966 3435 1009 3459 ==
1023 3407 1139 3478 Reislrc,

69 3496 123 3556 BIr.
140 3526 181 3544 ==
197 3493 321 3569 Beldrer,
344 3496 480 3558 Schoem.
496 3525 538 3547 =
554 3497 734 3574 Schdmann,
750 3501 836 3564 Turr.
851 3532 894 3555 =
909 3505 1038 3566 editores
1052 3502 1140 3562 ‘Iuri-

69 3610 190 3663 censes,
213 3590 300 3651 Schb.
315 3620 359 3643 =
373 3594 508 3655 Scheibe.
544 3594 601 3666 Qui
621 3595 762 3676 deinceps
783 3599 855 3662 Isaei
877 3601 1026 3662 orationes
1040 3598 1140 3658 edide-

69 3698 150 3750 runt.
180 3688 348 3749 Accedunt:
365 3689 435 3752 Cob.
448 3720 492 3743 =
507 3691 608 3767 Cobet,
623 3692 693 3755 Ilbr.
708 3721 751 3746 ==
765 3695 889 3771 Dubree,
911 3695 992 3755 Hrw.
1006 3720 1050 3745 =
1064 3694 1140 3755 Her·

69 3787 201 3858 werden,
224 3785 295 3847 Nbr.
309 3814 353 3838 =
366 3788 472 3851 Naber.
509 3789 634 3868 Reliqua
648 3793 770 3853 nomina
791 3795 879 3872 plena
895 3790 1051 3870 adscripsi;
1073 3788 1140 3851 ubi·

71 3901 199 3962 cumque
214 3892 311 3944 autem
335 3885 444 3947 codicis
465 3885 586 3947 lectioni
608 3889 806 3948 emendatoris
827 3905 937 3947 nomen
958 3906 1019 3947 non
1035 3886 1140 3957 addidi,

69 3981 161 4041 Aldus
172 3980 232 4042 sive
244 3999 280 4041 cr
291 3981 385 4059 ipsius
396 3982 516 4061 iugenio
528 3983 587 4045 sive
598 3983 674 4044 libro
687 4002 748 4044 suo
763 3984 857 4042 frctus
867 3980 1011 4042 mendum
1022 3979 1142 4043 sustulit
