2550 4478
125 248 167 310 92
457 287 459 290 >
610 248 718 305 umor
1034 332 1038 341 Ι
1139 267 1202 310 σει.

126 420 162 487 δὲ
183 415 332 486 τελών”
310 443 422 505 αρχειν
444 412 538 541 ήξίου
560 417 622 496 τὰς
644 412 757 502 άρχάς,
781 410 857 484 οόδδ
877 422 938 505 βίᾳ
961 417 1023 501 μὲν
1045 414 1203 505 ἐζήτειτδ

126 515 313 643 amcos*
303 519 404 604 ε’χειν,
437 517 523 604 ὑμᾶς
552 513 585 585 δ
611 516 695 606 ηόετο
720 520 788 587 δεῖν
810 512 959 607 μηδὲν’
936 521 1026 606 σφε
1022 544 1093 602 ειν
1124 514 1203 587 ἀλλὰ

126 621 255 712 φανερά
271 621 312 689 τά
325 618 406 691 όντα
417 621 628 708 καταστήσας
639 617 727 704 ὑμῖν,
742 613 808 688 ὅσα
822 621 1079 708 προστάττοιτε,
1095 615 1200 689 πάνθ’

125 723 284 815 ὑπηρέτει
307 727 504 815 φιλοτίμως,
528 717 671 791 οὐδέν’
638 749 657 788 τ
691 716 814 790 άδικῶν
830 721 927 789 ἐκ
878 749 946 789 των
965 722 1088 790 ἑαυτοῦ
1111 725 1204 813 φιλο·

126 835 232 912 τίμως
255 827 413 916 ἐπειρᾶτο
437 827 502 915 ζήν,
533 826 581 905 είς
604 821 706 892 οότδν
728 822 847 910 μὲν
809 851 851 890 τα
873 830 994 911 μέτρια
1018 819 1205 893 ἀναλίσκειν

128 929 280 1014 οἰόμενος
303 930 381 1011 δεῖν,
410 927 453 995 τόν
476 923 508 994 δ’
535 923 621 994 άλλα
648 931 688 1015 τῇ
717 927 818 994 πόλει
839 941 1045 1014 περιποιεῖν,
1073 927 1132 994 ἵνα
1160 927 1205 1007 ἐξ·

75 1043 114 1099 40
128 1039 243 1120 αρκοίη
266 1029 353 1118 πρὸς
375 1029 436 1109 τὰς
456 1029 623 1113 δαπάνας.
667 1022 729 1096 κᾶν
749 1027 876 1096 τούτων
901 1034 978 1095 τίνα
1001 1031 1206 1118 λειτουργίαι

128 1127 185 1199 οόκ
208 1129 471 1219 ἐλειτούργησεν;
491 1121 513 1217 ή
535 1136 610 1196 τίνα
633 1129 797 1217 εἰσφοράν
826 1124 885 1197 οδκ
905 1129 941 1198 δν
966 1131 1119 1218 πρώτοις
1141 1132 1206 1198 εἰσ-

126 1232 276 1320 ήνεγκεν,·
296 1223 317 1320 ή
338 1239 373 1299 τί
393 1233 646 1317 παραλέλοιπεν
661 1226 708 1298 ών
723 1235 907 1320 προσήκενς
928 1224 967 1310 ός
987 1258 1025 1319 γε
1046 1237 1105 1300 καί
1126 1259 1207 1300 παι-

128 1334 210 1420 δικῷ
229 1337 320 1422 χορῷ
332 1337 482 1422 χορηγών
498 1331 655 1422 ἐνίκησεν,
671 1327 718 1399 ών
733 1348 878 1423 μνημεῖα
893 1337 952 1420 τῆς
967 1332 1093 1402 ἐκείνου
1111 1337 1205 1422 φιλο-

127 1441 241 1520 τιμίας
256 1431 273 1503 δ
290 1442 433 1524 τρίπους
448 1433 571 1512 ἐκεῖνος
586 1434 711 1524 ἕστηκε.
744 1443 856 1503 καίτοι
869 1443 904 1503 τί
922 1435 985 1525 χρή
1001 1436 1060 1504 τόν
1074 1443 1206 1526 μέτριον

128 1542 289 1627 πολίτην,·
313 1533 370 1622 οδχ
393 1531 432 1605 οὗ
454 1537 514 1621 μὲν
538 1536 645 1625 ἕτεροι
666 1537 708 1604 τὰ
732 1536 776 1626 μή
806 1533 1012 1627 προσήκοντ’
1039 1538 1206 1624 ἐβιάζοντο

130 1641 320 1726 λαμβάνειν,
343 1640 471 1707 τούτων
491 1639 594 1728 μηδὲν
616 1652 739 1722 ποιεῖν,
762 1638 804 1707 τά
824 1634 855 1706 δ’
875 1639 995 1707 ἑαυτοῦ
1017 1645 1206 1728 πειρᾶσθαι

130 1743 265 1830 σώζειν,·
288 1768 325 1809 ου
313 1736 426 1807 δΗ
407 1769 427 1828 η
451 1741 553 1819 πόλις
575 1741 685 1809 δεῖται
704 1741 891 1832 χρημάτων,
915 1741 951 1809 όν
967 1743 1118 1830 πρώτοις
1140 1743 1204 1809 εἰσ-

130 1849 244 1931 φέρειν
266 1846 322 1908 καὶ
343 1844 447 1961 μηδὲν
462 1838 745 1968 ἀποκρύπτεσθαι
761 1871 833 1911 των
847 1839 1009 1927 όντωνςέ
993 1843 1118 1966 δκεῖγος
1139 1851 1204 1911 τοί·

78 1959 113 2013 41
131 1969 189 2009 νυν
214 1947 367 2021 τοιοῦτος
392 1930 447 2030 ήν·
477 1938 559 2011 ἄνθ’
586 1937 634 2010 ὥν
662 1937 845 2025 δικαίως”
824 1973 864 2013 αν
893 1940 983 2032 αάτώ
1005 1947 1132 2067 τάήτην
1150 1945 1203 2032 τήν

125 2043 223 2131 χάριν
246 2039 373 2111 άποδοί
360 2051 440 2133 ίητε,
463 2042 524 2132 τήν
546 2044 670 2113 ἐκείνου
692 2048 824 2170 γνώμην
845 2051 925 2134 περὶ
947 2052 1014 2115 τών
1029 2045 1133 2114 αὑτοῦ
1152 2073 1202 2112 κυ-

131 2153 206 2236 ρίαν
236 2143 323 2214 εἶναι
350 2145 562 2234 ποιήσαντες.
613 2153 668 2217 καί
697 2149 763 2239 μήν
783 2153 848 2217 Ικαὶ
876 2149 934 2234 ἐμέ
955 2174 1007 2237 γε,
1038 2143 1104 2216 όσα
1125 2146 1200 2215 κατὰ

130 2247 189 2337 τήν
204 2247 285 2337 ἐμήν
299 2245 389 2370 ήλικί
390 2276 439 2329 αν,
457 2246 613 2369 εὑρήσετε
628 2246 666 2319 οὗ
681 2251 780 2319 κακδν
796 2244 911 2318 σόδὲ”
889 2274 1062 2341 αχρηστον.
1093 2248 1200 2335 ἐστρά-

130 2375 249 2433 τευμαι
269 2349 332 2426 τὰς
354 2358 531 2437 στρατείας
552 2379 592 2441 τη
579 2354 745 2435 πόλει,
747 2352 790 2419 τὰ
806 2353 1084 2441 προσταττόμενα
1102 2354 1199 2470 ποιή·

79 2465 117 2519 42
131 2453 229 2516 τοῦτο
251 2448 342 2575 γὰρ
343 2454 410 2519 τών
438 2455 686 2580 τηλικούτων”
668 2479 762 2542 εργον
785 2454 866 2521 ἐστί.
845 2457 973 2521 ίκαί
997 2455 1131 2522 ἐκείνων
1153 2438 1199 2520 σόν

132 2550 224 2617 ἕνεκα
246 2552 303 2617 καὶ
323 2547 418 2640 ήμῶν
441 2555 576 2634 εἰκότως
599 2547 639 2623 άν
662 2555 874 2641 ποιήσαισθε
896 2556 1069 2641 πρόνοιαν,
1102 2553 1203 2628 άλλως

130 2654 244 2719 τεκαὶ
266 2653 393 2722 τούτων
415 2663 427 2736 (
427 2658 502 2742 μὲν)
522 2659 783 2777 τριηραρχοῦντα
805 2653 895 2722 οἶκον
917 2661 1018 2720 πέντε
1037 2659 1204 2724 ταλάντων

132 2747 341 2876 ἀνῃρηκότων
371 2761 426 2826 καί
460 2755 683 2843 πεπρακότων
721 2759 776 2824 καί
810 2754 931 2845 ἔρημον
962 2757 1205 2846 πεποιηκότων,

132 2851 225 2980 ήμῶν
255 2858 368 2925 δὲκαὶ
390 2855 788 2983 λελειτουργηκότωνήδη
817 2863 873 2926 καὶ
900 2859 1208 2946 λειτουργησόντων,

133 2949 173 3026 δν
195 2955 291 3045 υμεῖς
312 2959 596 3049 ἐπικυρώσητε
560 2987 620 3049 την
634 2955 892 3050 Ἀπολλοδώρου
914 2960 1046 3089 γνώμην
1063 2955 1211 3028 άποδόπ

131 3087 185 3140 τες
206 3059 286 3180 ήμῖν
307 3067 424 3130 τοῦτον
445 3061 505 3130 τδν
526 3065 686 3153 κλήρου.-

81 3178 120 3235 43
209 3156 280 3235 Ινα
309 3166 344 3232 δὲ
373 3164 418 3254 μή
448 3166 535 3232 δοκῶ
564 3167 747 3253 διατρίβειν
775 3165 857 3249 περί
882 3165 987 3227 ταῦτα
1010 3162 1215 3245 πεισόμενος

133 3266 210 3346 τοὺς
233 3268 359 3355 λόγους,
380 3268 546 3351 βούλομαι
560 3265 619 3331 διὰ
639 3268 791 3348 βραχίων
803 3259 890 3346 ὑμᾶς
904 3258 1102 3351 ὑπομνήσας
1125 3257 1215 3330 οὕτω

133 3375 356 3455 καταβαίνειν,
378 3373 413 3433 τί
435 3364 589 3451 ἑκάτερος
608 3359 704 3451 ήμῶν
726 3358 825 3450 άξιοῖ,
856 3363 1019 3453 δηλώσας.
1066 3364 1127 3451 ἐγώ
1151 3367 1215 3449 μὲν

135 3462 409 3559 ἂδείφήςοόσης
436 3469 496 3551 τής
524 3464 629 3554 ἐμήςί
655 3464 781 3554 μητρὸς
801 3460 1063 3554 Ἀπολλοδώρῳ,
1095 3468 1215 3554 φιλίαέ

219 3645 324 3717 δήετε
342 3653 443 3715 εστε.2,
461 3664 534 3702 αντε
546 3657 635 3718 μί
602 3654 731 3706 --Ἰδσε
749 3658 799 3707 em.
812 3652 889 3705 Sehb.
958 3651 1004 3706 40.
1022 3646 1129 3704 2οόκ
1122 3668 1149 3704 1n
1162 3660 1213 3703 ras

133 3731 941 3834 εδδ.1-ίλνιτοόργηστνδεστεοείξελειτσάργησεν-
964 3732 1215 3806 δμαρτόρναροσ1

134 3806 175 3874 ὧν
192 3821 250 3875 εδδ.
269 3821 424 3888 Sauppe-
442 3823 589 3889 δίβίαζσν
605 3838 652 3889 pr
670 3839 735 3877 corr.
755 3828 778 3877 1.
847 3823 890 3877 41.
908 3816 998 3876 4οδ
992 3838 1061 3876 1nv.
1078 3822 1215 3875 adm-⁴

134 3909 405 3975 ὅταῖεοτρατείαιε.
419 3921 468 3959 em.
481 3905 603 3973 Scaliger.
655 3906 701 3961 42.
711 3910 727 3960 2
744 3903 843 3971 marja.
848 3906 996 3974 σδερνη
978 3908 1034 3972 nin
1047 3923 1096 3960 ras.
1108 3908 1215 3959 corti

134 4006 182 4046 em
201 3990 301 4044 Βίσ-
320 3991 909 4062 3μὲνεδδ.Α1δ.-υτριηρυρχυῦντα..ρτ
