2572 4476
111 234 151 295 10
618 233 725 287 ΙΣΑΙΟΥ
1129 255 1164 297 01,
1177 257 1193 297 1.

109 430 176 470 των
183 433 194 486 ,·
215 394 364 468 κάκεῖνον
387 407 463 485 μέν,
494 396 522 488 q}
550 406 605 470 καὶ
629 396 807 490 ἀναγκαῖον
831 390 865 469 εύ
889 418 1002 473 ποιεῖν
1024 401 1120 492 ἡμᾶς
1143 412 1194 474 καὶ

111 502 246 593 αἰσχρόν
269 500 363 591 ἡμῶν
386 498 567 592 ἀμελῆσαι,
595 507 698 594 μηδὲν
727 511 794 573 των
824 503 926 574 αὑτοῦ
954 504 1035 595 ἡμῖν
1060 509 1194 576 δοῦναι·

108 607 246 684 τούτους
270 606 321 688 δέ,
346 605 396 684 οἷς
413 600 485 674 οὔτ’
505 600 628 696 ἀνάγκη
653 607 742 675 ἐστὶν
765 602 836 675 οὔτ’
861 609 1016 699 αἰσχύνην
1033 605 1195 696 οὐδεμίαν

110 715 207 799 φέρει
222 714 289 776 τῶν
312 703 349 776 ού
376 708 624 799 προσηκόντων,
648 703 694 787 ὥς
717 735 831 799 φασιν,
854 707 933 799 ἡμῖν
954 713 1197 798 μεταδιδόναις

110 807 194 880 ἀλλὰ
217 817 321 879 ταῦτα
338 816 399 896 μέν
406 864 415 893 ,
439 798 465 878 ὦ
491 807 616 900 ἀνδρες,
640 813 769 901 πολλὴν
793 807 955 881 ἀπιστίαν
978 814 1055 897 ἐ’χει.

70 920 98 977 λθ
190 914 341 996 Ἔπειτα,
366 913 395 981 εἰ
417 915 477 998 μὲν
500 918 554 981 καί
578 919 634 982 νῦν
658 909 744 982 ούτω
767 915 854 1003 πρός
870 909 1088 1005 ἀμφοτέρους
1110 915 1197 1007 ἡμᾶς

109 1018 191 1102 ’έχων
216 1016 434 1105 ἐτελεύτησεν,
458 1010 573 1104 ὥσπερ
597 1010 653 1085 ότε
675 1017 735 1096 τὰς
752 1018 918 1106 διαθήκας
933 1019 1058 1097 ταύτας
1076 1019 1196 1110 ἐποιη-

109 1143 208 1201 σατο,
240 1117 375 1197 εἰκότως
405 1115 446 1185 ἀν
474 1144 525 1197 τις
553 1115 645 1203 ὑμῶν
674 1121 855 1187 πιστεύσαι
884 1135 955 1198 τοῖς
985 1122 1104 1208 λόγοις
1126 1138 1195 1202 τοῖς

107 1228 264 1289 τουτωνί·
288 1224 358 1288 νυνὶ
382 1221 418 1287 δὲ
441 1224 511 1289 πᾶν
533 1217 726 1289 τούναντίον
750 1219 913 1311 εὑρήσετε.
950 1222 1028 1290 τότε
1044 1226 1111 1309 μὲν
1134 1226 1194 1313 γὰρ

109 1323 199 1408 ἐ’τυχε
221 1329 351 1411 Δεινίᾳ,
375 1321 413 1400 ὃς
434 1319 522 1410 ἡμᾶς
545 1323 766 1411 ἐπετρόπευε,
796 1324 961 1414 διάφορος
983 1315 1030 1392 αλν
1053 1323 1139 1414 ἡμῖν
1161 1353 1195 1394 τε

109 1422 204 1492 ούπω
224 1425 393 1513 χριόμενος
407 1425 539 1504 τούτοις
553 1451 590 1492 τε
606 1419 733 1493 ἀπασιν
750 1425 949 1514 ἐπιτηδείως
965 1427 1192 1513 διακείμενος·

109 1532 165 1597 νύν
189 1529 224 1596 δὲ
246 1527 372 1594 τούτων
393 1531 455 1611 μέν
477 1551 547 1595 τισι
563 1528 727 1616 διάφορος
742 1527 878 1615 ἐγένετο,
901 1525 980 1616 ἡμῖν
1000 1529 1037 1596 δὲ
1052 1531 1192 1598 πάντων

70 1629 225 1718 λιέχρῆτο
255 1628 453 1696 οἰκειότατα.
504 1633 559 1696 καὶ
588 1629 624 1708 ἐξ
652 1624 698 1697 τόν
725 1631 785 1714 μὲν
815 1623 904 1717 αύτῷ
932 1630 1020 1718 πρὸς
1051 1632 1189 1710 τούτους

108 1731 236 1819 ἐγένετο
257 1727 277 1818 ἡ
302 1731 460 1820 διαφορά,
484 1732 660 1819 περίεργόν
683 1730 754 1799 ἐστι
771 1735 890 1820 λέγειν·
915 1748 1039 1823 σημεῖα
1062 1733 1097 1801 δὲ
1111 1729 1189 1818 ύμῖν

108 1835 173 1925 έροῖ
200 1833 343 1920 μεγάλα,
379 1837 458 1922 περὶ
487 1829 534 1900 τόν
561 1836 617 1901 καὶ
645 1834 815 1922 μάρτυρας
844 1835 906 1914 ἔξω
935 1842 1190 1921 παρασχέσθαι.

107 1941 241 2027 πρῶτον
269 1937 329 2021 μὲν
357 1935 419 2023 γὰρ
450 1935 547 2002 θύων
575 1939 624 2021 τῴ
652 1937 825 2023 Διονύσῳ,
855 1941 911 2005 καὶ
939 1937 1017 2015 τούς
1048 1939 1191 2019 οἰκείους

108 2033 260 2117 ἅπαντας
277 2040 420 2115 καλέσας
442 2041 498 2104 καὶ
520 2041 586 2104 τῶν
602 2033 711 2105 ἀλλων
726 2040 877 2106 πολιτῶν
899 2039 1057 2122 πολλούς,
1086 2046 1191 2130 Φερέ-

108 2168 197 2210 νικον
221 2133 369 2224 ούδαμού
392 2139 640 2226 παρεστήσατο.
685 2139 804 2207 ἔπειτα
831 2140 949 2229 μικρὸν
972 2144 1055 2229 πρὶν
1078 2145 1191 2211 τελεσ-

107 2249 208 2333 τησαι
228 2241 373 2327 βαδίζων
397 2241 445 2320 εἰς
460 2241 641 2328 Πάνορμον
660 2241 744 2326 μετὰ
760 2249 920 2326 Σίμωνος,
942 2245 999 2308 καὶ
1022 2244 1191 2329 συντυχὼν

70 2357 94 2413 A
108 2342 213 2434 αύτῷ,
243 2359 443 2432 προσειπεῖν
473 2336 531 2410 ούκ
559 2342 749 2431 ἐτόλμησεν.
800 2344 850 2412 ἐ’τι
877 2346 913 2411 δὲ
940 2344 1029 2431 πρὸς
1056 2347 1192 2426 τούτοις

105 2450 363 2530 πυνθανομένου
386 2445 445 2532 τὴν
469 2444 638 2534 διαφορὰν
660 2450 719 2512 τοῦ
741 2453 893 2530 Σίμωνος
914 2445 974 2534 την
1002 2439 1034 2511 τ’
1063 2447 1191 2536 ἐ’χθραν

106 2550 297 2639 διηγήσατο,
313 2551 369 2615 καὶ
384 2550 656 2636 προσηπείλησεν
672 2542 726 2615 ότι
741 2548 902 2636 δηλώσειέ
917 2541 999 2614 ποτ’
1024 2539 1066 2616 ἀν
1081 2551 1190 2638 τούτῳ

105 2650 150 2731 οἷς
180 2650 345 2718 διάκειται
373 2648 460 2736 πρὸς
491 2642 600 2716 αύτόν.
645 2654 714 2717 Καὶ
745 2646 791 2728 ὡς
823 2643 936 2738 ἀληθῆ
962 2651 1065 2735 λέγω,
1096 2652 1192 2721 κάλει

105 2754 283 2842 pameas.
535 2839 758 2892 ΜΑΡΤΥΡεΣ.

70 2931 91 2988 A
196 2921 323 2990 Οίεσθε
346 2907 418 3002 σύν,
450 2907 476 2986 ὦ
506 2915 637 3005 ἄνδρες,
666 2920 725 2988 τόν
755 2917 879 3004 οὑτωσὶ
901 2919 988 3009 πρός
1011 2919 1192 3010 ἑκατέρους

103 3023 191 3115 ἡμᾶς
215 3024 421 3107 διακείμενον
443 3021 522 3110 ἡμῖν
543 3028 621 3106 με’ν,
645 3022 696 3100 οίς
719 3021 907 3090 οἰκειότατα
930 3021 1056 3110 ἐχρῆτο,
1082 3019 1191 3104 ούτως

104 3139 216 3195 ποιεῖν
239 3119 326 3192 ὥστε
346 3124 431 3244 μηδὲ
454 3124 551 3210 λόγον
573 3120 784 3210 ύπολείψειν,
807 3123 938 3202 τούτοις
961 3125 1006 3207 δέ,
1031 3121 1080 3194 ὦν
1097 3154 1191 3199 τισιν

102 3232 159 3296 καὶ
187 3226 351 3316 διάφορος
372 3253 428 3313 ην,
458 3240 595 3294 σκοπεῖν
623 3219 718 3304 ὅπως
747 3219 885 3292 ἀπασαν
913 3228 1098 3312 βεβαιώσει
1128 3231 1190 3320 την

103 3324 238 3412 οὐσίαν,
270 3331 326 3395 καὶ
358 3327 497 3406 τούτους
528 3328 589 3412 μὲν
623 3331 679 3394 νύν
709 3329 788 3414 περὶ
816 3329 972 3406 πλείονος
1000 3338 1190 3401 ποιεῖσθαι

169 3485 216 3542 29.
233 3489 250 3538 4
268 3481 364 3536 δοῦναι
378 3480 477 3552 ἡμῖνί)
495 3512 529 3521 -
548 3488 563 3535 5
582 3481 621 3535 οίε
640 3483 667 3533 in
685 3497 735 3548 mg.
753 3484 776 3532 A
797 3484 860 3534 1⁴-
879 3487 894 3534 6
914 3479 1084 3549 μεταδόντα
1103 3489 1189 3558 Apr„

101 3587 164 3624 corr.
186 3574 208 3624 1.
284 3565 364 3623 30.2
389 3566 490 3621 τούτοις
508 3583 558 3621 om.
584 3566 634 3619 Mai
657 3595 691 3605 -
713 3570 728 3619 3
752 3565 897 3618 πιστεῦσαι
913 3567 947 3631 A,
970 3568 1108 3643 πιστεύσῃ
1127 3573 1189 3638 Mai,

101 3651 253 3708 πιστεύσειε
267 3652 343 3706 Schb.
362 3683 396 3692 -
414 3658 430 3706 4
448 3650 480 3706 τὸ
500 3653 628 3704 ἐναντίον
639 3653 661 3703 A
674 3665 721 3716 pr„
739 3664 802 3702 corr.
820 3653 830 3701 l
851 3678 884 3688 —
903 3654 918 3704 6
935 3648 1015 3702 εἴπω
1027 3650 1091 3705 Mai:
1111 3651 1189 3711 οὕτω

100 3737 153 3798 AQ.
222 3737 265 3792 81.
285 3741 299 3790 2
318 3733 383 3805 ἡμῖν
400 3740 430 3791 A.
499 3734 545 3791 82.
565 3739 580 3788 3
598 3728 716 3800 δηλώσει
733 3734 763 3798 A,
782 3729 900 3798 δηλώσοι
917 3733 980 3785 Mai:
1003 3750 1053 3788 em.
1071 3737 1136 3795 Dbr.
1154 3771 1190 3784 -

100 3827 116 3876 6
135 3822 174 3876 tit.
193 3838 243 3874 om.
261 3822 319 3883 AQ:
343 3822 401 3875 add.
420 3821 480 3874 Mai.
550 3817 595 3873 83.
615 3822 629 3870 2
648 3813 726 3884 ἡμᾶεε
744 3812 856 3884 ἡμῶνΟ
875 3846 908 3855 -
932 3820 947 3869 3
966 3810 1054 3872 ύστιι
1072 3815 1188 3890 όπωεῦ

99 3936 134 3946 -·
149 3901 327 3976 ύπολείψειθ
346 3938 380 3948 -
398 3913 413 3961 4
432 3896 466 3972 ἦν
484 3902 565 3964 om.Q
584 3931 617 3941 -
635 3899 807 3968 βιβαιώσηίλ
826 3928 859 3938 -
877 3904 892 3952 5
910 3894 1019 3953 οὐσίανῑ
1038 3904 1187 3978 έκθρανῡ

101 4019 132 4030 -
150 3990 203 4043 νῦν
221 4007 271 4047 om.
290 3990 312 4053 Q

118 4170 170 4216 h
