2572 4476
51 166 74 206 ρ.
88 157 123 199 52
211 175 215 180 -
315 140 392 199 ΠΕΡΙ
409 140 473 195 ΤΟΥ
490 140 727 198 ΜΚΛΙΟΓΕΝΟΥΣ
744 143 881 201 mmor.
1093 142 1134 204 δῖ

54 314 111 397 κέφ
125 312 168 396 τῇ
183 307 219 376 ἓν
234 305 339 377 ἀστει.
372 313 429 378 καὶ
452 308 631 396 λαμβάνων
645 317 821 397 μίσθωσιν
834 306 1037 404 ἀγδοήκοντα
1050 320 1136 402 μνᾶς

57 407 90 476 ἐκ
119 415 187 478 τῶν
208 416 446 500 Δικαιογένους
471 416 533 480 τού
559 409 721 504 ἡμετέρου
743 420 843 483 θείου
865 417 1053 506 χρημάτων,
1075 417 1134 487 τὸν

58 511 180 582 ἐκείνου
203 507 405 603 ἀδελφιδοῦν
427 513 665 604 Κηφισόδοτον
686 519 735 604 τῷ
756 515 877 585 ἑαυτοῦ
900 511 1036 607 ἀδελφῷ
1056 515 1134 606 Ἀρ·

59 617 162 704 μοδέῳ
178 621 392 703 συνέπεμψεν
407 616 456 695 εἷς
470 616 643 706 Κόρινθον
655 610 728 685 ἀντ’
744 612 950 687 ἀκολούθου·
973 618 1022 698 εἰς
1036 624 1133 689 τούτο

10 766 14 775 .
60 708 179 805 ύβρεως
200 722 256 786 καλ
279 725 378 807 μιαρέ
380 744 419 798 ας
435 712 587 809 ἀφίκετο.
623 724 679 789 καὶ
700 718 788 808 πρὸς
802 734 874 800 τοῖς
889 715 1006 799 ἀλλοις
1022 735 1135 801 κακοῖς

49 811 208 900 ύνειδίζει
228 824 285 888 καλ
309 815 492 908 έγκαλεῖ’
455 825 546 908 αυτῷ
559 815 614 890 ότι
629 820 778 908 ἐμβάδας
792 826 918 890 καλέ
862 848 902 913 τρ
904 828 1010 909 έβωνα
1025 835 1133 945 φορεῖ,

10 941 20 992 j·
64 912 168 1010 ὥσπερ
171 914 402 1041 ἀδικούμενος
416 948 450 990 τι
466 922 496 990 ει
512 921 660 1010 ἐμβάδας
674 924 913 1015 Κηφισόδοτος
927 938 1036 1014 φορεῖ,
1053 917 1129 992 ἀλλ’

10 1026 29 1103 εἴ,
49 1015 112 1099 Ιούκ
141 1016 313 1092 ἀδικῶν”
294 1051 348 1092 οτι
377 1018 584 1114 ἀφελόμενος
613 1019 714 1095 αύτδν
742 1025 784 1095 τὰ
809 1022 890 1095 όντα
920 1029 1047 1117 πένητα
1069 1053 1132 1096 πε-

10 1142 34 1187 ε
64 1132 200 1214 ποίηκεν.
251 1154 252 1157 ¹
297 1155 298 1158 ¹

136 1221 238 1293 Ἀλλὰ
261 1231 340 1315 περὶ
362 1229 423 1313 μὲν
443 1228 571 1297 τούτων
586 1231 733 1298 τοσαῦτά
755 1257 815 1317 μοι
834 1226 1003 1354 εἰρήσθω
1024 1233 1130 1301 πάλιν
1145 1244 1182 1303 12

64 1319 124 1389 δ”
110 1328 268 1413 επάνειμι
290 1323 373 1397 ὅθεν
396 1324 576 1399 ἀπέλιπον.
626 1333 814 1412 Μενέξενος
841 1331 905 1421 γὰρ
933 1329 952 1400 δ
975 1340 1131 1422 Κηφισο-

10 1428 22 1496 ζ’
62 1432 185 1513 φάντος
203 1430 292 1512 υιός,
323 1424 466 1515 ἀνεψιὸς
488 1458 534 1499 ων
557 1433 784 1551 Κηφισοδότφ
813 1436 937 1520 τουτῳὶ
965 1436 1023 1500 καὶ
1044 1433 1130 1518 ἐμοί,

10 1551 13 1567 ’
60 1533 104 1597 και
121 1535 291 1620 προσήκον
307 1525 397 1618 αύτῷ
418 1557 477 1598 του
464 1531 613 1654 κλήρου
635 1526 769 1620 μέρος“
750 1555 830 1600 οσον
844 1558 909 1622 περ
925 1533 1010 1618 ἐλμο
1033 1534 1132 1616 έ-πεξ

10 1677 15 1698 ,
58 1629 105 1715 ιήει
116 1646 193 1711 τοῖς
206 1631 542 1759 καταμαρτυρήσασα
555 1629 650 1721 ήμῶν
663 1637 720 1703 καὶ
735 1633 913 1702 ἐκείνου
875 1660 917 1702 τα
933 1637 1052 1724 ψευδή,
1074 1641 1131 1706 καλ

10 1764 16 1773 ·
59 1727 244 1815 Λύκωνα,
230 1728 269 1801 όν
290 1759 365 1823 περ
379 1733 533 1823 εἰσήγαγε
546 1759 681 1824 πρωτον
694 1735 744 1815 εἰς
757 1762 796 1804 το
785 1736 1048 1828 δικαστήριον,
1052 1743 1130 1808 τού-

10 1829 12 1888 ἷ
59 1856 106 1900 τον
128 1835 266 1903 εἷλεν·ι
253 1835 291 1914 ός
313 1835 520 1927 ἐμαρτύρησε
539 1843 738 1928 Δικαιυγένη
761 1845 960 1929 ποιηθῆναι
989 1839 1049 1909 τόν
1071 1845 1128 1910 νύν

10 1959 14 1977 ’
60 1929 128 2004 ὄντα
141 1933 209 2005 ύπδ
226 1962 284 2004 του
270 1941 399 2005 θείου
413 1964 472 2006 του
459 1935 695 2027 ἡμετέρουί
662 1938 735 2008 υιδν
743 1939 810 2009 ἐπὶ
824 1945 929 2010 παντὶ
943 1969 990 2030 τω
978 1943 1127 2032 ’.κλήρῳ

10 2039 258 2129 μαρτυρήσας
288 2040 330 2106 δὲ
350 2044 457 2108 ταῦτα
479 2039 567 2108 ἑάλω
588 2041 899 2130 ψευδομαρτυραῦν.
948 2042 1177 2131 έπειδὴ18
1089 2044 1177 2114 δδ18

10 2143 278 2231 Δικαιογένης,
307 2168 333 2207 ω
364 2137 496 2229 ἀνδρες,
526 2136 681 2209 ούκέτι““
657 2146 750 2226 ιυμάς
779 2142 918 2210 δύναται
945 2133 1126 2225 ἐξαπατᾶν,

50 2247 164 2310 πείθει
179 2241 420 2322 Μενέξενον
384 2269 444 2310 τον
459 2239 584 2332 ύπλρ“
565 2246 660 2331 ημῶν
675 2245 783 2310 τεκαὶ
797 2238 1008 2332 ύπέρ“αυτού
1017 2244 1127 2334 πράτ-

24 2264 53 2433 λ
60 2362 158 2427 νοντα,
188 2344 210 2411 ἀ
240 2343 302 2432 ἐγώ
326 2344 562 2431 αἰσχυνόμενος
583 2338 810 2433 ἀναγκάζομαι
838 2344 954 2414 διὰ
918 2372 986 2468 την
1000 2345 1068 2415 εκεί
1068 2373 1125 2415 νου
1211 2343 1221 2400 -’

24 2438 70 2594 ή·
59 2453 209 2565 πονηρίαν
232 2449 413 2534 λέγεινμ-
435 2453 470 2515 τέ
483 2472 647 2538 ποιησαι,
667 2447 892 2534 κομισάμενον
908 2442 1010 2517 αύτδν
1024 2453 1125 2537 μέρος
1190 2463 1193 2468 ’

23 2538 85 2613 ἐκ
102 2553 157 2616 τοῦ
179 2543 343 2638 κλήρου”
323 2576 341 2618 ο
364 2576 398 2617 τι
421 2547 622 2638 firmemt
603 2552 692 2640 ημάς
713 2551 774 2636 μὲν
794 2546 932 2641 ύπὲρ
904 2578 951 2619 ων
979 2551 1125 2640 ε’πραττε
1167 2574 1172 2581 ·
1214 2629 1218 2641 ,

58 2650 238 2733 προδοῦναι,
260 2651 340 2730 τούς
363 2652 399 2718 δέ
421 2652 524 2740 μήπω
547 2652 738 2731 ἑαλωκότας
767 2678 834 2719 των
855 2651 1032 2740 μαρτύρων
1055 2646 1124 2768 ἀφ·
1176 2671 1179 2678 ·

58 2758 139 2819 εῖναι.
190 2751 293 2820 καὶ(
273 2767 370 2843 ημεῖς
398 2754 476 2837 μὲν
484 2758 592 2820 ταῦτα
616 2750 724 2836 Ιύπδ
737 2756 804 2818 τῶν
833 2754 943 2838 φίλων
972 2753 1029 2816 καλ
1056 2755 1124 2818 τῶν

23 2842 171 2940 ἕχθρων
193 2851 417 2931 παθόντες
391 2853 521 2938 είχομεν
542 2849 641 2940 ήσυχέ
642 2878 693 2918 αν.
737 2850 864 2917 τούτων
887 2844 919 2916 δ
938 2846 1016 2992 ύμῖν
1037 2849 1124 2939 μάρ-

56 2969 142 3037 τυρας
164 2955 367 3044 παρέξομαι.
471 3041 695 3096 ΜΑΡΤΥΡΕΣ

74 3122 76 3126 ’
121 3119 157 3193 ‘0
183 3126 246 3211 μὲν
275 3131 386 3194 τοίνυν
415 3123 603 3217 Μενέξενος
630 3121 759 3192 παθών
792 3117 871 3203 ἀξια
903 3126 969 3191 τῶν
999 3121 1118 3193 ἑαυτοῦ
1134 3139 1171 3197 14

54 3223 175 3300 τρόπων
196 3219 360 3315 ήπατήθη
382 3221 449 3295 ἀπὸ
472 3230 533 3294 τού
553 3231 806 3316 Δικαιογένους·
837 3218 936 3316 ἀφεὶς
957 3224 1020 3315 γὰρ
1042 3225 1121 3307 τούς
1223 3247 1226 3253 ’

10 3420 12 3433 .
123 3373 325 3449 έόγδαήκοντα
347 3392 411 3432 corr.
432 3382 472 3443 1,
489 3374 582 3450 .’γ.ο..
607 3396 645 3447 pr.
667 3408 701 3427 -.-
725 3381 741 3432 9
759 3375 909 3448 τριβόνιαε
933 3395 983 3430 em.
1000 3378 1062 3430 Gob.
1088 3369 1126 3416 -⁴

55 3450 76 3502 ll
94 3454 165 3513 αὐτῶ
188 3478 236 3529 pn,
261 3468 357 3515 τοττι
383 3491 417 3502 -
445 3466 484 3516 112.
509 3467 539 3515 12
558 3465 722 3528 ἐπιποληκιν
744 3467 774 3514 ut
790 3463 843 3516 vid.
860 3480 897 3531 pr.
971 3460 1016 3516 12.
1036 3464 1048 3513 1
1067 3463 1120 3528 μὲν
1172 3511 1173 3514 ,

53 3544 113 3608 mel:
130 3550 228 3613 transp.
241 3546 302 3599 Dbr.
321 3575 354 3585 —
372 3549 425 3600 23
442 3547 658 3616 κηφησοφῶυτυι
675 3562 713 3614 pr.
730 3574 765 3587 -
782 3550 799 3599 4
817 3541 893 3600 αὐτῶ
912 3560 977 3598 corr.
991 3549 1015 3608 1,
1033 3538 1118 3597 αὐτοῦ

52 3629 232 3684 λῐ-Ἱτδν
248 3631 300 3684 νῦν
317 3634 423 3693 οοπ2
447 3635 542 3683 τοίνυν
557 3647 595 3698 pr
663 3629 707 3686 18.
726 3626 839 3698 λήμᾶι·
856 3646 905 3683 em
918 3629 981 3682 usk
998 3625 1117 3684 -5τδ

50 3708 100 3761 ”ste
115 3716 193 3786 μέρος
210 3717 269 3770 εδδ
288 3715 439 3783 Sauppe-
459 3711 601 3786 δγίγνιτο
619 3731 665 3782 pr,
684 3718 828 3767 τοτα-1
850 3709 981 3766 ’λδοῠναι
997 3729 1044 3780 pr„
1062 3729 1117 3784 προ

31 3795 103 3932 ἓν
121 3801 186 3852 λ-
211 3796 300 3856 δύπδ
318 3815 381 3853 corr.
403 3804 424 3864 1,
441 3793 511 3869 ύπὲρ
529 3815 616 3867 με.-
642 3801 672 3852 11
690 3798 757 3851 ,tiu
750 3813 776 3849 ln
790 3812 845 3864 mg.
865 3802 876 3852 1
898 3802 958 3865 post
976 3795 1118 3864 μτνέξωοε

81 3877 158 3944 14,1.
