2572 4476
126 246 170 313 48
459 286 464 303 .-
607 250 726 303 umor
1137 268 1198 310 0,,
1239 256 1242 279 =

126 422 186 504 μὲν
209 414 314 497 εύθδς
341 419 425 487 κατὰ
452 418 494 486 τὰ
523 422 643 539 πρῶτηι
665 416 725 486 ἐπὶ
744 416 788 485 τὰ
810 417 1042 538 Νικοστράτου
1066 414 1198 507 ᾄξαντες
1238 423 1243 455 '⁴

127 514 221 587 οὗτοί
243 520 327 589 είοι·
349 520 525 608 Χαριάδης
548 518 636 586 δὲ’
598 544 675 586 τοτε
697 521 757 603 μὲν
773 514 922 641 οὐδαμοῦ
930 513 1197 645 ἠμφεσβήτησεν,
1237 548 1243 611 ᾖ

125 614 266 711 ὕστερον
295 625 333 693 δὲ
360 616 397 691 ού
423 621 526 706 μόνον
548 614 649 698 αὐτὸς
678 615 764 689 ἀλλὰ
785 619 898 689 καί
863 647 902 687 το
926 620 961 687 ἐκ
989 625 1048 708 τής
1070 621 1199 710 ἑταίρας
1239 624 1243 647 '

126 725 269 795 παιδίον
292 726 452 795 εἰσποιῶν
473 708 569 808 ἦλθε.
612 711 804 841 τρῶτοδς
783 752 823 811 ην
846 718 986 810 αὐτῷ..
1004 719 1075 801 ,ῶς
1098 713 1120 810 {j
1142 727 1198 790 τῶν
1238 730 1243 767 '³

126 828 307 916 χρημάτων
327 815 649 914 κληρονομήσοντι’
627 851 655 944 η
671 825 708 893 τδ
732 820 908 894 παιδίον
890 824 993 893 αστδν
1014 825 1199 914 ποιήσοντι
1235 832 1243 921 η’

129 929 335 1014 αἰσθόμενος
362 926 399 993 δὲ
424 927 482 992 καί
510 919 607 1005 οὗτος
634 920 689 995 ὅτι
718 931 797 1016 περί
824 931 1019 1015 τοῦγένους
1048 925 1199 1015 έλεγχθή·
1236 940 1240 997 ἓ

129 1054 233 1110 σοιτο,
255 1026 315 1116 τὴν
334 1027 397 1110 μέν.
409 1050 469 1095 του
455 1028 626 1095 παιδίου
641 1023 893 1119 ἀμφισβήτησιν
907 1031 1107 1117 παρέλυσεν,
1130 1029 1199 1096 ἑαν-

126 1156 172 1217 τιμ
161 1130 234 1197 δὲ
255 1125 339 1195 κατὰ
361 1125 457 1195 δόσιν
479 1133 764 1249 παρακατέβαλεν.

78 1246 111 1303 11
211 1222 321 1317 Ἐχρῆν
341 1216 456 1312 μὲν
418 1255 486 1312 ουν,
510 1257 536 1297 ω
521 1218 721 1317 δίνδρες,”
701 1255 795 1310 οστις
808 1258 893 1297 κατα
882 1230 1008 1298 δόσιν
1027 1232 1201 1321 χρημάτων

127 1326 348 1419 ἀμφισβητῶν
362 1326 536 1422 ἡττηθείη,
559 1331 604 1422 μή
620 1331 705 1400 κατὰ
719 1359 757 1401 το
746 1332 868 1413 τέλος
887 1333 1103 1422 ζημιοῦσθαι,
1128 1327 1198 1400 ἄλλ)

127 1426 180 1523 σφ’
199 1425 263 1501 ύσα
285 1456 350 1519 περ
374 1432 608 1522 ληψόμενος”
585 1461 648 1523 ηει,
670 1439 818 1504 τοσαῦτα
832 1462 872 1523 τη
860 1435 995 1503 πόλει
1014 1434 1200 1505 ἀποτίνειν·

129 1560 215 1604 ουτω
233 1530 296 1620 γὰρ
320 1524 391 1622 (ῶν)
407 1530 486 1617 οὔθ’Ι
506 1539 541 1605 οἱ
563 1537 660 1623 νόμοι
680 1541 946 1628 κατεφρονσῦντο
968 1533 1045 1605 ούτε
1065 1537 1108 1605 τὰ
1131 1543 1202 1625 γένη

125 1633 284 1722 ὑβρίζετο,
315 1636 384 1726 πρὸ
414 1639 450 1707 δὲ
470 1634 598 1708 τούτων
620 1633 694 1709 σύδ>
721 1630 761 1707 ῶν
788 1644 856 1710 τῶν
877 1639 1075 1707 τεθνεώτων
1097 1633 1203 1715 οὐδεὶς

124 1735 358 1823 κατεψεύδετο.
404 1740 521 1828 ἐπειδή
545 1742 581 1809 δέ
604 1734 715 1811 ύπασι
735 1744 790 1810 καὶ
806 1745 872 1809 τῶν
888 1735 1073 1829 ἀλλοτρίων
1095 1737 1203 1807 ἆπύν·

124 1863 199 1917 των,
227 1834 313 1905 καθ)
346 1836 365 1909 6
393 1869 427 1911 τι
455 1840 497 1910 ῶν
524 1868 577 1920 τις
602 1843 781 1932 βούληται,
815 1837 1040 1933 ἀμφισβητεῖν
1066 1841 1203 1923 ἔξεστιν,

125 1935 210 2022 ὑμᾶς
235 1941 299 2030 χρη
329 1947 409 2032 περὶ
433 1937 542 2011 αὐτῶν
569 1941 617 2021 ῶς
639 1943 712 2012 οίύν
733 1970 770 2011 τε
792 1937 1015 2032 ἀκριβέστατα
1043 1943 1205 2024 ἐξετάζειν

77 2054 111 2113 12
125 2042 179 2108 καί
202 2044 366 2132 μηδὲν
336 2070 384 2123 εις
412 2038 492 2113 ύσον
515 2044 683 2113 δύνασθε·
685 2047 922 2131 παραλείπειν.
973 2046 1007 2114 ἐν
1028 2046 1149 2131 μόναις
1172 2045 1206 2111 δί

124 2156 199 2222 ταῖς
220 2149 288 2213 τῶν
309 2148 438 2239 κλήρων
467 2147 665 2235 εἰσαγωγαῖς
687 2148 778 2216 δοκεῖ
799 2174 859 2233 μοι
882 2149 1066 2239 προσήκειν
1082 2172 1206 2270 τετριη-

125 2251 213 2333 ρίοις
234 2240 412 2332 μᾶλλον
390 2277 411 2338 η
439 2249 602 2336 μάρτυσιν
624 2250 806 2319 πιστεύειν
855 2255 936 2340 περί
964 2251 1024 2336 μὲν
1052 2248 1117 2337 γὰρ
1142 2253 1207 2316 τῶν

127 2343 237 2433 ἄλλων
259 2347 531 2441 συμβολαίων
496 2379 534 2421 ου
556 2354 647 2421 πάνυ
665 2352 816 2436 χαλεπὸν
837 2353 915 2432 τούς
929 2379 971 2420 τα
959 2352 1099 2439 Ὗψευδι
1121 2377 1207 2439 μαρ-

124 2456 306 2539 τηροῦντας
322 2454 481 2542 ἐλέγχειν·
505 2454 687 2536 ζῶντος
648 2480 712 2542 γαρ
727 2460 784 2525 καί
797 2456 967 2543 παρόντος
983 2479 1041 2520 του
1028 2453 1208 2541 πράξαν-

99 2598 103 2615 ,
126 2577 184 2631 τος
205 2560 514 2647 καταμαρτυροῦσι·
544 2559 625 2645 περί
654 2558 691 2627 δέ
712 2564 778 2627 τῶν
801 2559 974 2645 διαθηκῶν
995 2559 1071 2633 ,πῶς
1093 2550 1135 2620 ῶν
1157 2578 1209 2632 τις

125 2661 221 2744 γνοίη
247 2658 327 2737 τοὺς
353 2657 398 2786 μή
420 2652 557 2780 τᾶληθή
577 2661 747 2746 λέγοντας,
778 2661 808 2730 εἰ
829 2657 873 2744 μή
897 2655 986 2721 πάνυ
1014 2653 1144 2736 μεγάλα
1166 2654 1209 2723 τὰ

127 2756 390 2848 διαφέροντα”
356 2785 424 2849 ειη,
455 2754 557 2828 αύτού
576 2763 639 2848 μὲν
660 2757 743 2832 καθ’
769 2756 808 2829 οὗ
829 2757 1033 2844 μαρτυροῦσι
1058 2757 1209 2821 τεθνεῶ-

66 2866 73 2879 ’
125 2883 200 2941 τος,
229 2865 296 2929 τῶν
319 2863 355 2929 δὲ
384 2868 547 2950 συγγενῶν
568 2867 671 2955 μηδὲν
699 2868 766 2932 τῶν
787 2859 1032 2943 πεπραγμένων
1055 2851 1207 2937 εἰδότων,

76 2971 112 3029 18
127 2963 187 3027 τοῦ
210 2962 247 3030 δὲ
231 2961 399 3051 ὲελέγχου
428 2967 590 3056 μηδαμῶς
618 2962 772 3056 ἀκριβοῦς
792 2961 1002 3047 γιγνομένου,
1030 2954 1080 3024 ἔτι
1103 2945 1207 3039 δέ,
1181 2984 1207 3023 αι

61 3292 63 3296 ⁴
127 3269 327 3338 καταλιπεῖν
332 3240 517 3442 ἐδιαθήκας
538 3272 708 3358 μάρτυρας
727 3271 964 3351 παρίστανται,
986 3260 1101 3331 τουδί
1124 3284 1207 3346 συμ-

127 3371 188 3451 δαί
189 3372 304 3451 νοντός
332 3373 404 3446 ἐστι
430 3380 488 3444 καί
508 3381 734 3462 γραμματεῖον
758 3360 941 3455 ἀλλαγῆναι
968 3367 1024 3431 καί
1045 3354 1207 3429 τῶναντία

195 3575 240 3632 10.
260 3583 283 3633 2.
300 3580 336 3634 τὰ
352 3587 423 3646 (ante
440 3578 514 3638 Νικ.)
527 3591 591 3628 corr.
607 3580 628 3641 1,
645 3575 696 3629 τοῦ
713 3589 750 3642 pr.
769 3603 803 3613 -
821 3576 836 3625 5
853 3572 945 3625 deesse
963 3571 1023 3637 aliq.
1036 3582 1122 3636 persp.
1135 3569 1207 3633 Rsk,

128 3658 251 3727 ίιιιμιλίτ
265 3664 321 3723 εδδ.
335 3666 420 3728 δείελα,
432 3656 596 3726 ίπινινύητο
608 3675 654 3727 pro
665 3647 701 3725 ἦν
713 3660 744 3713 οἱ.
756 3657 825 3711 Htw,
837 3684 871 3697 -·
889 3660 905 3710 6
916 3649 1148 3723 γληρονομήσοντι
1161 3670 1207 3721 φα,

55 3746 58 3750 “
128 3750 219 3799 von-1
239 3776 273 3789 -
291 3755 305 3802 7
325 3743 501 3813 έλαχθήσοιτο
518 3762 564 3813 pr„
582 3761 646 3799 corr.
664 3747 681 3797 2
698 3773 732 3784 -
750 3746 766 3797 9
783 3744 1015 3812 παρακατέ.α.ιν
1031 3753 1079 3803 pr„
1097 3752 1165 3790 corr.
1186 3742 1207 3791 1.

196 3831 237 3885 ll.
250 3838 265 3889 3
283 3827 395 3900 ὅσοιπερ
409 3847 456 3897 με,
467 3846 532 3883 corr.
548 3835 558 3882 1
574 3858 607 3871 -·
618 3827 662 3902 ᾔει
672 3828 736 3883 Βίας
746 3827 775 3894 ’ίη
787 3856 820 3869 ··
832 3830 850 3878 4
860 3818 896 3877 ἂν
906 3822 964 3877 add.
977 3821 1038 3874 Rsk.
1057 3848 1090 3859 —
1109 3825 1125 3875 8
1138 3840 1172 3873 τι
1182 3823 1208 3874 in

128 3928 153 3963 v.
167 3913 223 3968 add.
246 3925 266 3972 1.
317 3916 361 3971 12.
379 3919 394 3968 3
412 3911 464 3986 γὰρ
481 3931 502 3968 ε.
514 3932 539 3968 v.
555 3919 566 3967 1
587 3944 620 3953 -
641 3919 671 3967 10
689 3915 841 3985 γ.ναμε’νου
859 3925 904 3974 pr„
926 3927 936 3958 ι
953 3907 980 3959 in
997 3921 1047 3957 ras.
1060 3908 1076 3957 ί
1128 3903 1175 3960 18.
1194 3908 1208 3958 2

130 3993 308 4070 διαθεμένων
325 4016 371 4068 pr„
389 4016 454 4055 corr.
472 4002 488 4053 2
505 4004 544 4067 (τι
560 4015 583 4053 ε.
599 4000 638 4063 v.)
654 4028 689 4038 -
706 3999 723 4049 3
741 3994 977 4066 παραγινομένοις
990 4005 1038 4057 pn,
1055 4009 1066 4040 ι
1082 3990 1112 4041 in
1129 3993 1208 4045 1222
