2572 4476
134 231 175 293 24
618 231 725 284 ΙΣΛΙΟΥ
1147 249 1181 290 οι.
1194 251 1210 291 ε,

135 390 218 471 οὖσα
240 404 373 470 τουτουὶ
399 400 599 483 Φιλωνίδου,
622 404 678 468 καί
700 404 746 488 τῷ
771 399 838 488 ἐμιό
869 401 998 488 παιδίω
1021 398 1152 490 ἐθέμην
1174 401 1209 469 τὸ

42 573 51 586 ,
133 501 239 588 ὄνομα
261 501 298 570 τό
324 502 498 585 ίκείνου,”
483 529 537 570 ινα
558 500 603 591 μη
621 496 823 587 ἇνιόνυμοςο
813 496 987 581 Ηοίκος
951 527 1051 569 αυτου
1037 506 1209 592 γένηται,

132 609 186 674 καί
210 604 451 694 τελευτήσαντα
480 603 601 689 ἔθαψα
630 598 732 683 ἀξίως
760 602 826 672 ἐκεί
814 610 884 672 ίνου
913 628 949 670 τε
976 606 1032 670 καὶ
1056 601 1209 688 ἐμαυτοῦ,

131 711 186 775 καί
217 707 374 797 ἐπίθημα
401 704 502 773 καλὸν
532 704 700 831 ἐπέθηκα,
731 707 785 772 καὶ
816 704 858 772 τὰ
890 705 991 773 ε’νατα
1020 707 1074 772 καί
1102 693 1211 773 ταλλα

132 809 245 877 πάντα
267 808 412 898 ἐποίησα
434 806 476 874 τὰ
498 810 577 895 περὶ
600 804 659 895 τὴν
680 805 791 895 ταφὴν
814 803 859 886 ιδς
882 807 954 875 οίόν
979 831 1016 873 τε
1037 805 1210 889 κάλλιστα,

80 922 116 980 ⁸7
134 903 221 979 ὥστε
242 909 320 989 τοδς
343 909 490 1000 δημότας
512 901 706 977 ἒπαινεῑν”
686 928 853 987 απαντας·
878 903 974 988 οὗτος
996 904 1071 975 δὲ“
1055 935 1072 977 ο
1096 932 1211 996 συγγε-

133 1012 199 1099 νής,
222 1008 239 1080 ό
265 1011 430 1096 έπιτιμιόν
454 1003 544 1096 αότηό
566 1002 620 1078 ότι
641 1007 715 1077 υἱόν
738 1007 934 1100 ἐποιήσατο,
958 1010 1079 1092 ζῶντος
1094 1013 1158 1096 μέν
1172 1011 1208 1079 τό

129 1118 252 1200 χωρίον
273 1110 311 1178 τὸ
335 1111 559 1200 περιλειφθὲν
581 1104 672 1198 αὐτῷ
693 1114 891 1200 περιείλετο,
913 1112 1159 1202 τελευτήσαντα
1175 1107 1207 1181 δ’

133 1207 233 1280 αδτδν
257 1207 388 1281 ἄπαιδα
409 1206 506 1280 καὶ
488 1211 830 1297 ανώνυμονβοόλεται
844 1236 1060 1302 καταστησαι.
1097 1220 1211 1283 τοιοῦ-

131 1314 189 1392 τός
212 1308 371 1381 ἔστιν
334 1339 439 1435 ορτος
484 1309 606 1380 Καὶ(
580 1338 626 1392 ως
655 1313 775 1400 εθαψό
803 1340 839 1382 τε
868 1314 930 1402 ἐγώ
961 1309 1061 1382 αὐτόν
1089 1315 1210 1384 καὶτὰ

131 1420 228 1504 τρίτα
249 1418 303 1483 καὶ
327 1413 369 1482 τό
392 1413 491 1482 ε’νατα
515 1414 661 1505 ἐποίησα
682 1417 738 1482 καὶ
759 1401 865 1483 τᾶλλα
894 1415 937 1484 τὰ
965 1420 1043 1506 περὶ
1066 1416 1128 1506 τὴν
1149 1445 1210 1484 τα

132 1517 208 1606 φην,
231 1515 292 1595 τὰς
313 1513 536 1607 μαρτυρίας“
519 1531 597 1602 υμῖν
619 1519 686 1584 τῶν
708 1511 888 1587 είδότων’
870 1513 1108 1605 αναγνιόσεται.

552 1622 780 1676 ΜΑΡΤΥΡΙΑΙ.

79 1721 118 1778 38
210 1698 287 1774 ’Ότι
307 1712 418 1773 τοίνυν
441 1699 458 1773 o‘
483 1706 671 1792 Μενεκλῆς,
694 1691 721 1770 6
745 1700 876 1793 ἄνδρες,
900 1703 1083 1794 ἐποιήσατό
1106 1729 1147 1789 με
1169 1698 1207 1772 οὗ

131 1810 312 1895 παρανοῶν
342 1799 419 1872 οόδί
445 1806 575 1890 γυναικί
605 1805 828 1890 πειθόμενος,
856 1806 1021 1891 βούλομαι
1053 1803 1131 1891 ὑμῖν
1153 1810 1208 1874 καί

132 1900 252 1984 αότοός
273 1903 410 1982 τούτους
431 1904 602 1992 μάρτυρας
623 1910 873 1990 παρασχέσθαι,
905 1909 959 1974 καὶ
984 1905 1059 1993 ἐμοὶ
1081 1935 1208 1997 μαρτυ·

131 2009 270 2092 ροόντας
292 2003 376 2093 ἔργῳ
399 2007 455 2071 καὶ
478 1998 516 2070 οὗ
533 2004 629 2091 λόγῳ,
653 2002 690 2083 ἐξ
710 1998 757 2070 τόν
772 2003 922 2093 ίπραξαν
945 2001 1050 2092 αότοί,
1075 2003 1128 2078 ότι
1145 2009 1206 2098 ίγιδ

129 2099 263 2195 τόληθη
295 2105 387 2192 λέγω.
437 2103 498 2182 τὰς
525 2103 587 2192 γὰρ
616 2104 785 2184 διαλύσεις
817 2113 998 2195 φαίνονται
1031 2110 1119 2199 πρός
1152 2111 1208 2198 ἐμὲ

130 2206 355 2297 ποιησάμενοι
378 2199 564 2294 όμφότεροι
588 2199 690 2288 οὗτοι,
713 2208 769 2274 καὶ
792 2199 830 2274 οὗ
846 2207 934 2297 πρδς
949 2209 1008 2278 τόν
1023 2215 1209 2296 Μενεκλέα,

77 2313 185 2386 mai
209 2303 392 2393 ὀμόσαντες
414 2299 532 2394 ὅρκους
560 2305 664 2394 (ἐμοὶ)
692 2311 748 2376 καί
774 2307 838 2396 έγιὺ
859 2310 1001 2391 τούτοις.
1045 2320 1154 2382 καίτοι
1180 2315 1213 2383 εί

128 2435 165 2496 με
186 2407 230 2495 μὴ
254 2406 338 2474 κατὰ
360 2406 439 2486 τοὺς
461 2408 582 2493 νόμους
604 2406 814 2499 ἐγεγένητοῐ
795 2437 815 2499 η
847 2419 1001 2502 ποίησις,
1024 2415 1107 2533 μηδὲ
1130 2419 1208 2508 κλη-

121 2508 271 2598 ρονόμος
292 2493 332 2594 ἦν
355 2507 417 2595 ίγώ
447 2512 514 2575 τῶν
535 2508 790 2586 Μενεκλέους“
773 2537 822 2577 υπ
867 2506 977 2580 αότιόν
1004 2513 1131 2580 τούτων
1155 2516 1209 2581 δε-

129 2611 451 2693 δοκιμασμένος,τί
437 2609 538 2678 ίίδει
563 2601 683 2688 αὖτοὺς
704 2603 844 2695 δμνόναι
873 2603 992 2696 ἐμοὶ
969 2638 990 2734 η
1013 2637 1085 2698 παρ
1088 2605 1210 2697 ’ἐμοι

129 2701 351 2796 λαμβάνων”
332 2732 468 2798 ορκους,·
489 2703 584 2778 οὐδέν
607 2711 727 2803 δήπου.
771 2705 927 2781 οδκοῦν“
910 2711 1017 2781 οπότε
1042 2711 1210 2804 ἐποίησαν

128 2815 243 2895 ταῦτα,
267 2817 447 2903 φαίνονται
470 2805 628 2882 αιτοὶ
589 2839 682 2884 ουτοι
705 2812 778 2901 ἐμοὶ
796 2818 1039 2903 μαρτυροῦντες
1054 2807 1107 2884 ότι
1122 2817 1209 2885 κατὰ

127 2912 206 2993 τοδς
228 2913 349 3000 νόμους
371 2913 539 3005 ἐποιήθην
562 2911 594 3003 [ἡ
618 2914 768 3006 ποίησις]
796 2918 852 2984 καί
878 2917 1016 2998 δικαίως
1038 2917 1105 3003 είμὶ
1129 2922 1209 3012 κλη-

75 3038 115 3096 40
130 3016 271 3105 ροιόμος
291 3020 358 3084 ταῖν
380 3017 598 3097 Μενεκλέους.
643 3016 705 3105 lya}
730 3010 812 3086 δο
794 3014 889 3104 οἶμαι
916 3015 1146 3109 καταφανὲς(
1127 3036 1209 3106 υμῖν

214 3239 229 3289 3
247 3231 360 3288 παιδίον
377 3237 400 3288 Α
417 3253 464 3304 pr„
483 3252 547 3291 corr.
568 3242 591 3305 1,
609 3235 689 3294 παιδὶ
708 3241 728 3302 0
749 3246 806 3295 lest.
824 3241 875 3295 Mai
893 3273 927 3283 -
945 3239 1007 3298 416
1024 3246 1084 3296 ante
1102 3243 1210 3298 ἐκείνου

126 3319 210 3380 omo
230 3347 261 3356 -
280 3313 491 3374 αότοῦιίκιίυαα
509 3322 529 3383 0
547 3351 582 3364 -
600 3327 616 3379 6
634 3328 679 3378 καὶ
696 3322 731 3378 τὰ
748 3330 829 3397 τρίτα
846 3334 907 3396 post
925 3327 1050 3392 ἐπέθηκα
1069 3324 1127 3377 αδδ.
1141 3326 1206 3383 Nbr.

99 3484 102 3489 ·
127 3483 160 3496 -
177 3456 294 3509 ίνναταε
312 3468 362 3508 em.
380 3454 428 3510 Bk.
495 3456 539 3514 87.
558 3462 574 3514 6
591 3459 688 3531 τρίαΑ
707 3477 754 3530 pn,
771 3432 835 3534 τρίλ
853 3480 916 3518 corr.
932 3467 942 3516 1
964 3491 995 3502 -
1014 3462 1152 3515 ίνναταλ
1171 3493 1207 3504 -

127 3543 140 3591 7
160 3538 220 3592 τῶν
237 3535 353 3593 εἰδότων
371 3556 421 3595 om.
434 3543 455 3596 Α
468 3560 514 3612 μ,
533 3545 559 3597 in
578 3560 628 3612 mg.
648 3545 706 3600 εδδ.
721 3551 732 3601 1
753 3577 786 3588 -
805 3552 820 3603 8
835 3550 875 3604 tit.
887 3564 937 3602 om.
951 3546 980 3610 0.
1032 3545 1077 3604 88.
1097 3550 1109 3601 1
1130 3548 1207 3602 ίττοι·

126 3618 213 3688 ἦτατό
229 3641 264 3690 με
281 3638 332 3680 om.
351 3624 371 3688 0
392 3655 424 3666 -
443 3629 458 3682 3
475 3631 520 3680 καί
539 3633 598 3682 ante
616 3630 675 3699 ίμαί
693 3625 833 3702 delsscob„
856 3635 885 3687 st.
904 3635 948 3686 καί
967 3626 1050 3686 ταῦτ’
1071 3659 1103 3670 -
1123 3635 1137 3685 5
1156 3634 1206 3701 ἐμὲ

125 3705 222 3760 Bremi:
239 3725 274 3774 με
293 3737 324 3748 -
343 3713 358 3764 6
378 3727 422 3764 ο..
434 3711 457 3764 Α
469 3728 517 3781 pr„
533 3707 566 3767 αὖ
579 3729 643 3770 corr.
658 3721 669 3771 1
689 3747 723 3758 -
742 3722 755 3770 ἵ
775 3720 834 3786 ἐμοὶ
847 3718 904 3771 add.
917 3716 1009 3770 Bremi.
1078 3713 1124 3771 86.
1138 3719 1153 3769 2
1165 3716 1207 3784 μὴ

125 3791 210 3844 om.A
228 3806 274 3860 pn,
293 3808 313 3847 ε.
324 3809 349 3847 v.
363 3794 419 3850 add.
434 3799 446 3850 1
466 3825 500 3836 -
516 3794 579 3854 τοδε
597 3817 647 3858 om.
660 3805 682 3857 Α
694 3820 742 3872 μ,
759 3804 785 3857 in
803 3818 854 3870 ως.
873 3801 958 3856 2661
978 3828 1012 3841 -
1030 3800 1203 3871 ἑγεγίνποθ

124 3879 184 3928 teet.
196 3873 246 3928 Mai
264 3903 298 3918 ·-
316 3879 331 3931 3
349 3877 520 3936 τῶνεταῦλ
538 3914 571 3926 -·-
585 3889 600 3942 δ
613 3881 678 3940 οόδί
689 3889 733 3941 ἔνι
750 3903 799 3941 em.
813 3884 944 3955 Tyrwhitt
961 3912 995 3923 ··
1013 3889 1027 3938 ’ί
1047 3879 1168 3952 ἕπθθῆθη
1188 3884 1206 3955 6‘

124 3964 245 4026 ποίησαι
265 3975 312 4016 em.
327 3962 388 4018 Col).
