2550 4478
87 269 134 320 ›⁸¹-
302 250 380 304 ΠΕΡΙ
396 250 460 305 ΤΟΥ
475 247 739 305 mmmmm
755 248 893 303 miror.
946 264 949 271 ·
1099 242 1138 304 Π

85 413 143 487 ιύδέ
168 413 424 509 ύμφισβητήσαι
443 418 693 506 τετολμήκασιν,
725 413 810 485 ἀλλὰ
839 417 926 505 πρδς
950 414 1139 505 ὑπερβολήν

83 515 296 604 ἐναισχυντίας
315 520 677 609 προσμεμαρτυρήκασι
703 520 841 599 τούτους
872 516 958 586 εἶναι
980 521 1139 609 κληρονό-

82 646 152 706 μους,
173 620 231 700 οὑς
251 618 348 707 ὑμεῖς
370 617 701 710 ἀπεχειροτονήσατε.

139 719 209 791 Ἔτι
237 723 275 790 δέ
296 726 435 792 καὶτοῦ
454 723 623 810 μάρτυρος
646 716 748 790 αὑτοῦ
777 726 955 805 σκέψασθε
980 721 1039 807 τήν
1061 723 1138 789 τύλ·
1153 736 1191 793 4⁸

81 850 129 908 μοι
146 827 203 893 καὶ
224 819 411 908 ἆναίδειαν,
440 818 535 903 ὅστις
558 825 667 914 εἴληχε
688 825 749 909 μὲν
771 820 862 909 αὑτηί
889 827 949 909 τής
969 824 1141 909 θυγατρὸς

78 929 122 1012 τής
140 919 351 1014 Εὐκτήμονος
371 922 418 1006 ιὺς
440 923 541 1016 ούσης
563 926 754 1015 ἐπικλήρου,
776 929 832 992 καί
855 918 957 992 αὑτοῦ
979 930 1038 992 τοῦ
1063 925 1141 1012 κλή-

79 1051 121 1113 ρου
139 1031 198 1095 τοῦ
212 1021 424 1116 Εὐκτήμονος
444 1034 603 1113 πέμπτου
622 1030 628 1113 Ι
646 1033 767 1116 μέρους
790 1023 835 1105 ιὺς
858 1025 1010 1095 ἐπιδίκου
1033 1023 1139 1108 ὄντος,

79 1129 287 1218 μεμαρτύρηκε
318 1121 350 1195 δ’
382 1123 592 1218 Εὐκτήμονος
620 1128 694 1197 υίδν
721 1125 808 1197 εἶναι
833 1129 978 1217 γνήσιον.
1029 1127 1139 1196 καίτοι

78 1233 136 1308 εύς
166 1223 264 1308 οὗτος
294 1223 334 1297 οὑ
364 1234 483 1319 σαφῶς
510 1229 670 1318 ἐξελέγχει
700 1224 800 1309 αὑτὸς
829 1227 930 1297 αὑτὸν
958 1229 1000 1297 τὰ
1029 1231 1139 1318 ψευδή

77 1331 348 1421 μεμαρτυρηκότας
370 1326 408 1398 οὑ
430 1331 493 1419 γὰρ
514 1331 625 1420 δήπου
646 1339 782 1422 γνησίου
797 1328 894 1411 ὄντος
908 1333 999 1410 υἱέος
1013 1326 1139 1419 Εύκτή·

76 1455 138 1513 μονι
164 1431 345 1522 ἐπίκληρος
372 1423 414 1500 δν
439 1420 481 1520 ήν
508 1430 528 1521 ή
551 1433 705 1523 θυγάτηρ
728 1427 845 1513 αὑτοῦ,
876 1427 952 1500 ούδέ
978 1429 996 1499 δ
1019 1434 1139 1518 κλήρος

78 1529 218 1613 ίιιίδικος.
256 1531 305 1613 ιὺς
318 1541 430 1603 τοίνυν
445 1534 540 1618 ἐλαχε
554 1535 680 1613 ταύτας
693 1534 753 1611 τὰς
770 1534 888 1622 λήξεις,
912 1528 1139 1619 ἀναγνώσεται

78 1630 137 1718 ὑμῖν
158 1637 220 1717 τὰς
241 1644 437 1724 μαρτυρίας.

46 1752 49 1785 ³
481 1740 712 1794 MAPTYPIAI·

46 1812 48 1819 ¹
145 1816 350 1891 Τοὺναντίον
378 1828 490 1891 τοίνυν
513 1827 716 1911 συμβέβηκεν
737 1812 758 1908 ή
780 1816 867 1899 ὦςὺ
898 1819 1000 1904 νόμος
1020 1823 1138 1906 γέγρα-
1154 1836 1190 1890 47

76 1943 158 1993 πται·
180 1923 251 1992 ἐκεῖ
270 1923 332 2008 μέν
353 1922 417 2011 γὰρ
439 1922 511 1992 ἐστι
533 1923 629 2011 νόθῳ
651 1924 736 2012 μηδὲ
751 1924 838 2011 νόθη
853 1921 927 2012 (μή)
944 1919 1031 1990 είναι
1046 1916 1138 2008 ἄγχι-

78 2033 175 2094 στείαν
196 2019 287 2115 μήθ’
314 2026 412 2114 ἱερῶν
433 2019 520 2114 μήθ’
545 2022 651 2093 δσίων
679 2019 742 2092 ὑπ’
768 2020 947 2093 Εύκλείδου
970 2021 1137 2111 ἄρχοντος,

77 2118 257 2217 Ἀνδροκλῆς
285 2127 322 2194 δὲ
349 2130 407 2195 καί
434 2120 636 2216 Ἀντίδωρος
666 2128 795 2194 σ’ίονται
825 2128 903 2207 δεῖν,
935 2120 1139 2214 ὑφελόμενοι

76 2225 122 2306 τὰς
141 2222 353 2317 Εὐκτήμονος
372 2233 562 2317 θυγατέρας
583 2227 645 2306 τὰς
664 2235 802 2317 γνησίας
823 2231 878 2295 καί
900 2226 978 2305 τοὺς
1004 2225 1039 2292 ἐκ
1060 2225 1138 2292 τού-

77 2352 128 2397 των
145 2331 332 2417 γεγονότας,
355 2330 413 2398 τόν
434 2355 471 2399 τε
485 2324 696 2417 Εὐκτήμονος
718 2326 808 2396 οίκον
824 2332 879 2396 καί
900 2327 958 2395 τὸν
976 2326 1140 2415 Φιλοκτή-

76 2453 160 2510 μονος
181 2431 279 2514 ἐχειν.
318 2435 374 2500 καί
395 2427 416 2519 ή
439 2432 674 2520 διαφθείρασα
695 2429 755 2518 τήν
777 2424 987 2517 Εὐκτήμονος
1007 2429 1139 2519 γνώμην
1154 2444 1191 2502 48

77 2533 117 2598 καλ
136 2535 274 2601 πολλκδν
296 2531 454 2620 ἐγκρατής
475 2538 631 2621 γενομένη
655 2525 760 2612 οὑτως
781 2529 906 2620 ὑβρίζει
922 2531 1057 2621 σφόδρα
1080 2558 1139 2600 πι-

75 2633 222 2704 στεύουσα
241 2634 385 2715 τούτοις,
408 2627 495 2702 ὥστε
516 2627 554 2701 ού
576 2633 761 2720 μόνοντῶν
776 2629 986 2723 Εὐκτήμονος
1008 2634 1140 2702 οἰκείων

75 2750 278 2825 καταφρονεῖ,
308 2729 393 2803 ἀλλὰ
421 2738 476 2803 καὶ
504 2739 565 2824 τής
591 2738 724 2816 πόλεως
747 2733 892 2824 ἁπάσης.
940 2730 1140 2812 ἀκούσαντες

75 2832 103 2900 δέ
119 2838 151 2906 ἐν
171 2838 279 2924 μόνον
302 2851 439 2926 σημεῖον
461 2837 587 2927 ῥηιδίως
607 2837 781 2923 γνώσεσθε
802 2838 861 2924 τήν
881 2836 1006 2922 ἐκείνης
1026 2860 1140 2920 παρα-

77 2946 189 3021 νομίαν.
235 2944 307 3006 Καί
327 2964 387 3022 μοι
409 2940 491 3024 λαβέ
512 2943 630 3007 τοῦτον
651 2936 709 3004 τδν
732 2938 844 3021 νόμον.

527 3059 672 3113 ΝΟΜΟΣ.

147 3143 253 3209 Ταυτὶ
275 3138 325 3208 τὰ
352 3140 547 3228 γράμματα,
577 3129 604 3208 ὦ
634 3136 764 3228 ἄνδρες,
795 3134 889 3223 ὑμεῖς
918 3130 1004 3205 οὑτω
1034 3137 1138 3223 σεμνὰ
1153 3151 1191 3208 4⁹

78 3243 118 3306 καί
139 3237 259 3329 εύσεβή
288 3240 570 3330 ἐνομοθετήσατε,
600 3244 681 3331 περὶ
706 3242 834 3308 πολλοῦ
864 3239 1139 3326 ποιούμενοικαὶ

78 3341 147 3426 πρὸς
166 3343 293 3421 ταύτας
314 3346 369 3409 καί
391 3342 479 3430 πρὸς
500 3343 578 3423 τοὺς
600 3340 721 3422 ἄλλους
742 3342 845 3421 θεοὺς
867 3337 1030 3429 εὐσεβεῖν·
1059 3340 1079 3431 ή
1104 3345 1139 3410 δὲ

79 3443 185 3513 τούτων
198 3444 319 3533 μήτηρ,
335 3437 440 3523 οὑτως
454 3440 728 3532 ὁμολογουμένως
743 3432 826 3510 ούσα
843 3443 943 3533 δούλη
958 3448 1013 3512 καί
1029 3439 1139 3509 ὑπαν-

146 3651 161 3700 4
184 3641 263 3698 οὑδδε
286 3639 318 3696 ού
339 3642 426 3712 μόνον
442 3644 504 3698 Rsk.
527 3674 562 3685 -
585 3642 922 3718 έπροσμεμαρτυρήκασι.
941 3662 978 3713 pr.
1057 3643 1102 3698 46.
1123 3648 1138 3697 2

82 3717 152 3784 av'oea‘.
169 3760 204 3770 -
221 3733 239 3782 4
256 3729 306 3782 τοῦ
329 3732 454 3795 πέμπτου
471 3750 500 3796 μ.
523 3731 593 3793 Rek,
618 3730 665 3783 ἐπὶ
685 3750 715 3796 μ.
733 3728 916 3794 ΚΕΗετωεοο,
940 3728 968 3779 ft.
993 3728 1042 3780 τοὺ
1058 3749 1087 3795 μ.
1106 3758 1139 3767 -

83 3806 104 3859 ¹1
119 3813 147 3865 ut
157 3814 216 3868 εδδ.
225 3812 285 3868 Αλδ.
336 3813 378 3867 42.
391 3816 407 3865 2
423 3809 461 3879 μή
473 3814 530 3867 εδδ.
543 3814 646 3881 Sauppe
663 3844 697 3853 -
716 3817 732 3867 4
744 3807 945 3884 ἀνδροκλιίδητι
958 3827 1007 3864 em.
1020 3811 1139 3866 Schoem.

86 3910 89 3915 '
132 3897 175 3955 4⁸.
192 3904 202 3952 l
223 3892 387 3964 εὑκτήμονοε
398 3912 462 3949 corr.
477 3902 499 3961 1,
517 3915 587 3950 ..τ..
600 3913 637 3963 pr.
650 3927 684 3936 -
697 3900 711 3948 ’ί
725 3899 757 3949 tit
768 3896 824 3949 εδδ.
838 3894 894 3947 ΑΙδ.
946 3892 992 3949 49.
1005 3898 1020 3947 3
1038 3898 1139 3948 τοῦτον

80 3984 119 4029 ‘m-
133 3980 192 4036 Rsk.
210 4012 244 4022 -
260 3988 277 4035 4
294 3978 508 4052 δμοίογουμένηι
527 3997 575 4034 em.
593 3981 653 4033 Dbr.
