2572 4476
110 249 152 313 36
429 306 433 313 ,
503 270 507 277 ·
595 246 703 303 imor
1120 259 1181 301 οιε.
1226 274 1228 279 -

70 426 98 485 λθ
195 419 284 504 Περὶ
312 418 373 500 μὲν
401 404 459 483 οὖν
486 420 545 502 τῆς
571 415 690 483 τούτου
719 420 882 501 πονηρίας
902 415 960 481 καὶ
989 415 1184 489 σιωπῶντος

108 517 189 602 ἐμοῦ
217 519 252 585 οἱ
280 519 402 587 πολλοὶ
421 516 658 605 γιγνώσκουσιν
679 512 786 600 ὑμῶν,
808 509 896 585 ὥστε
924 507 982 582 οάκ
1010 507 1134 632 ἀπορῆ
1154 538 1185 601 γε
1228 546 1229 551 ’

107 618 295 738 μαρτήρων,
317 613 399 703 ὅταν
412 645 446 686 τι
469 621 552 704 λέγω
567 621 648 706 περὶ
671 611 787 738 αάτρῦ·
809 616 1034 703 βυύλομαιδέ
1052 619 1185 703 πρῶτον

109 719 145 789 ἐκ
165 725 234 791 τῶν
248 721 387 791 τοιῶνδε
410 717 575 805 ἐξελέγξαι
595 725 714 788 τοῦτον
729 714 1030 803 ἀναισχυντότατον
1046 721 1090 805 τῆ
1105 743 1186 804 μαρ

108 822 242 914 τυρίρ’
230 817 312 895 όντα
332 820 470 908 ταύτῃ.
491 826 574 910 φέρε
595 817 673 910 γάρ,
697 849 723 888 ω
709 808 934 950 Νικόδημε,
961 819 992 887 εέ
1013 804 1151 906 ῆσθα
1132 843 1187 907 ηγ-

109 925 236 1014 γυηκώς
262 927 322 1009 τῷ
338 922 463 1010 Πύρρῳ
492 922 552 1012 τήν
581 918 729 1013 ἀδελφήν
757 927 814 991 καὶ
842 923 872 990 εί
905 917 997 1010 ᾔδεις
1026 918 1062 1000 ἐξ
1091 913 1188 1008 αέτῆς
1227 940 1229 949 ·

70 1034 94 1088 ss
110 1031 281 1114 θυγατέρα
295 1031 432 1112 γνησίαν
444 1026 740 1115 καταλειπομένην,
756 1050 832 1104 πως
844 1024 1034 1112 ἐπέτρεψας
1045 1028 1095 1110 τῷ
1111 1021 1188 1111 ῆμι-

108 1132 195 1215 τέρῳ
217 1120 356 1215 ἀδελφῷ
370 1125 651 1195 ,ἐπιδικάσασθαι
663 1154 723 1195 του
710 1122 897 1217 κλήρου”
875 1152 953 1195 ανευ
971 1130 1031 1214 τῆς
1050 1134 1189 1214 γνησίας

108 1227 293 1314 θυγατρός,
322 1226 362 1316 ῆν
392 1227 459 1316 φής
486 1232 535 1316 τῷ
563 1225 713 1317 ἡμετέρην
741 1235 829 1317 θείῳ
851 1230 1142 1317 καταλειφθῆναις
1170 1218 1189 1315 5

70 1360 94 1407 ,·;.
109 1322 169 1397 οάκ
190 1324 282 1417 ᾔδεις
310 1327 345 1396 ἐν
372 1334 413 1421 τῆ
442 1329 640 1419 ἐπιδικασία
666 1335 725 1399 τοῦ
746 1331 867 1418 κλήρου
894 1331 1001 1420 νόθην
1022 1335 1190 1399 καθιστα-

107 1436 209 1521 μένην
230 1429 290 1518 τῆν
319 1425 505 1522 ἀδελφιδῆν
526 1430 587 1520 τήν
610 1437 733 1500 σαυτοῦ
740 1463 750 1515 ,·
774 1429 892 1520 [ὁπότε
915 1433 977 1520 γάρ
1000 1458 1053 1511 τις
1074 1432 1191 1500 ἐπεδι-

109 1533 224 1614 κάζετο
247 1536 306 1601 τοῦ
321 1533 453 1623 κλήρου,
468 1533 583 1623 νόθην
597 1532 658 1624 τήν
672 1540 850 1622 θυγατέρα
865 1539 924 1603 τοῦ
945 1535 1192 1613 καταλιπόντος

70 1642 96 1698 [2
109 1634 168 1703 τόν
189 1636 309 1724 κλῆρον
330 1635 500 1726 καθίστη]
537 1636 589 1704 ἐτι
611 1636 647 1702 δὲ
667 1636 834 1724 πρότερον
856 1633 1027 1725 όΠόρρος
1048 1634 1065 1704 ό
1088 1663 1192 1725 ποιη-
1227 1670 1229 1713 ς

111 1735 253 1821 σάμενος
275 1736 334 1806 τὸν
357 1731 504 1826 ἀδελφόν
525 1736 584 1805 τόν
607 1737 688 1822 ἐμὸν
710 1737 783 1807 υἱδν
803 1734 910 1825 αὑτῷ·
934 1735 1010 1806 οὔτε
1032 1738 1095 1826 γὰρ
1117 1739 1192 1806 δια·
1227 1820 1229 1827 Ι

109 1842 244 1911 θέσθαι
267 1834 343 1906 οὔτε
365 1840 483 1911 δουναι
505 1832 616 1907 οάδενί
632 1833 734 1911 ,οὐδὲν
757 1838 865 1919 ’ἔξεστι
882 1844 949 1908 τῶν
970 1840 1091 1908 ἑαυτοῦ
1114 1837 1191 1908 ἀνευ

109 1944 176 2007 τῶν
190 1945 395 2060 θυγατέρων,
419 1939 543 2018 ἐόντις
556 1939 753 2009 καταλιπών,
766 1949 904 2031 γνησίας
919 1944 1065 2030 τελευτᾷ.
1106 1942 1191 2029 γνοί-

111 2047 216 2109 σεσθε
239 2035 329 2109 δέ’
292 2045 400 2109 αυτών
416 2035 616 2120 ἀκούσαντες
631 2046 698 2111 τῶν
714 2044 825 2128 νόμων
844 2038 1190 2132 ἀναγιγνωσκομένων.

70 2137 351 2267 ςκᾏναγίγνωσκε
372 2137 553 2212 τοόσδε’
515 2157 640 2222 αυτοῖς.

360 2294 363 2307 .
584 2249 721 2305 ΝΟΜΟΙ.
800 2296 803 2303 .
841 2296 846 2309 .

70 2341 97 2399 {a
123 2398 141 2403 ,,
196 2336 301 2398 Δοκεῖ
329 2319 369 2397 ἀν
390 2326 514 2415 ,όμῖνό
543 2332 803 2422 μεμαρτυρηκὼς
825 2331 982 2422 ἐγγυῆσαι
1007 2331 1192 2422 ἐπιτρέψαι

111 2429 151 2502 ἀν
173 2457 208 2518 τι
229 2431 356 2499 τούτων
378 2437 571 2517 γίγνεσθαι,
601 2437 657 2502 καὶ
687 2425 789 2503 οάκ’1
768 2462 808 2501 αν
831 2433 890 2502 ἐπὶ
918 2439 978 2503 τοῦ
1006 2433 1127 2523 κλήρου
1151 2438 1190 2522 τῆ

110 2532 215 2621 λήξει,
238 2530 278 2619 ῆν
301 2526 467 2611 δ’Ἐνδιος
489 2534 598 2618 λαχών
621 2535 844 2621 ἐπεδικάζετο,
871 2530 1128 2623 ἀμφισβητῆσαι
1152 2527 1191 2605 ἀν

110 2629 196 2719 ὑπὲρ
217 2639 276 2722 τῆς
300 2627 481 2724 ἀδελφιδῆς
503 2641 563 2725 τῆς
585 2638 713 2719 ἑαυτοῦ,
744 2639 798 2703 καὶ
822 2628 880 2702 οάκ
902 2627 942 2701 ἀν
965 2636 1193 2724 διαμαρτυρῆ-

70 2794 79 2805 ,.
112 2754 170 2799 σαι
191 2731 235 2820 μῆ
265 2733 417 2806 ἐπίδικον
446 2741 494 2824 τη]
512 2732 628 2827 Ἐνδίηι
655 2738 715 2806 τόν
736 2736 861 2824 ἐκείνης
888 2737 1047 2822 πατρῷον
1068 2735 1192 2825 κλῆρον

112 2830 216 2920 elwa,-
236 2828 338 2902 Ἀλλὰ
360 2836 425 2926 μήν
448 2833 499 2929 ὥςι
514 2866 557 2927 γε,
574 2839 795 2908 ἐπεδικάσατο
817 2833 835 2903 ό
858 2831 1016 2924 ήμέτερος
1043 2828 1192 2927 ἀδελφὸς

110 2940 171 3003 τοῦ
191 2936 311 3025 κλήρου
340 2943 397 3009 καί
425 2935 484 3009 οάκ
509 2935 764 3030 ἠμφεσβήτησεν
787 2931 896 3016 οὐδεὶς
919 2935 1049 3025 ἐκείνη),
1074 2932 1190 3027 ἀναγί-

111 3060 236 3123 γνωσκε
256 3037 318 3128 τήν
339 3049 536 3131 μαρτυρίαν.

542 3143 758 3203 Μεντκνικ
832 3098 848 3105 '⁵

70 3239 98 3295 [4
186 3202 383 3316 Γενομένης
409 3253 463 3311 τορ
456 3232 520 3293 νυν
547 3229 606 3311 τῆς
627 3222 842 3307 ἐπιδικασίας
864 3204 986 3316 ταύτης
1014 3220 1072 3295 οάκ
1097 3222 1191 3302 ἐτόλ-

111 3347 215 3413 μησεν
238 3321 492 3449 ἀμφισβητῆσαι
505 3328 571 3391 τοῦ
586 3324 706 3414 κλήρου
722 3329 923 3431 Νικόδημος,
947 3322 1023 3396 οὐδὲ
1046 3327 1190 3416 διαμαρ-

111 3431 253 3518 τυρῆσαι
263 3427 324 3516 τήν
336 3421 565 3514 ἀδελφιδῆν
528 3452 589 3514 την
604 3427 723 3507 ἑαυτοῦ
733 3436 871 3521 γνησίαν
881 3433 1052 3517 θυγατέρα
1064 3429 1190 3518 Πόρρρι

111 3532 392 3618 καταλειφθῆναι.

196 3668 241 3722 40.
264 3670 275 3719 1
293 3659 413 3717 τούτους
432 3680 481 3717 em.
495 3665 599 3735 Sauppe
616 3700 650 3708 -
667 3672 833 3724 πυκνοῖντο
844 3689 891 3739 με,
903 3675 996 3724 com
1015 3700 1048 3712 -
1067 3669 1192 3737 δἀδτῶν

113 3764 159 3815 με,
177 3766 240 3803 corr.
257 3754 269 3802 1
289 3777 323 3787 -
339 3753 356 3802 4
373 3746 503 3803 τοιῶνδει
523 3753 547 3804 5
565 3770 596 3807 ex
613 3754 645 3808 οὐ
657 3756 725 3809 inter
742 3756 904 3809 scribendum
918 3771 982 3808 corr.
995 3755 1047 3809 vid.
1116 3759 1192 3815 414

111 3830 340 3900 καθισταμένην
356 3849 393 3901 pr.
418 3864 452 3873 -
474 3840 538 3905 5sq.
557 3838 636 3906 gloss.
658 3840 707 3893 del.
726 3840 787 3892 Nbr.
811 3869 846 3879 -
870 3845 885 3893 6
903 3836 1124 3894 καταλ.ίποντοτ
1141 3861 1191 3911 pn,

113 3932 176 3969 corr.
197 3919 218 3971 1.
240 3918 242 3922 ’
288 3913 335 3973 48.
356 3923 368 3971 1
388 3915 454 3987 δσκή
470 3937 517 3989 με,
536 3938 600 3976 corr.
618 3927 634 3976 2
652 3953 686 3963 -
709 3919 864 3992 mah:
882 3941 929 3992 pr„
948 3940 1011 3978 corr.
1031 3926 1046 3976 2
1065 3954 1098 3964 -—
1117 3933 1133 3981 5
1152 3928 1193 3997 μὴ

113 4000 244 4057 Schoem.:
262 3997 317 4057 οὐκ.
