2572 4476
62 226 127 280 m.
376 207 452 260 σενι
470 206 533 260 Tor
549 207 668 262 ιοιιιοε
685 209 823 264 uapor.
1080 210 1140 270 135

63 384 182 468 σησθε,
207 379 353 463 λαβέτω·
376 382 482 444 ταῦτα
503 375 566 465 γάρ
589 379 622 444 οἱ
645 377 743 463 νόμοι
757 378 956 447 κελεύουσιν.
995 379 1079 447 εἰδὲ
1094 379 1139 469 μὴ

62 480 146 548 κατά
167 484 268 547 τοῦτο
285 475 500 568 ἀμφισβητεῖ,
524 484 609 568 φησὶ
632 481 668 547 δὲ
683 477 891 571 ὁμολογῆσαί
910 508 952 567 με
969 486 1018 569 τῷ
1040 484 1141 551 παιδὶ

59 580 278 666 μεταδώσειν,
302 580 490 670 φάσκοντος
512 579 594 664 ἐμοῦ
616 581 742 649 τούτων
766 580 853 650 εἶναι
874 583 976 672 μηδὲν
1002 584 1141 651 δικασά-

59 691 145 765 σθω,
169 673 233 750 κάν
249 682 397 770 ἐξελέγξῃ
412 708 454 766 με
469 678 515 762 ὥς
531 679 740 774 ὡμολόγησα,
763 678 836 752 τότ’
853 680 916 774 ἤδη
931 685 1139 772 πραξάσθω·

58 787 191 854 δίκαιον
212 784 276 873 γάρ
299 778 405 864 ούτως
427 784 528 852 ἐστίν.
566 785 596 852 εί
618 787 654 852 δὲ
675 787 759 874 μήτε
781 786 868 874 πρὸς
891 786 948 871 ἐμὲ
965 786 1047 876 μήτε
1061 782 1135 854 κατ’
1154 802 1193 858 84

57 888 137 973 ἐμοῦ
163 888 259 1005 δίκην
283 883 370 954 εἶναί
392 911 477 976 φησι
498 891 548 974 τῷ
569 889 679 969 παιδί,
703 888 762 956 τὸν
784 887 953 957 κωλύοντα
968 888 1070 974 νόμον
1093 889 1141 957 εἰ·

57 992 174 1070 πάτω,
205 1017 266 1057 καν
295 990 350 1078 ίχη
380 989 503 1071 δεῖξαι,
534 991 662 1076 λαβάτω
690 994 747 1058 καὶ
776 984 862 1058 ούτω
890 990 928 1059 τὸ
952 997 1052 1081 μέρος
1073 996 1140 1059 τῶν

54 1093 246 1182 χρημάτων.
300 1091 330 1158 εί
353 1085 385 1157 δ’
413 1079 453 1159 αὖ
484 1085 563 1179 μήτ’
591 1092 861 1161 ἐπιδικάσασθαί
882 1117 968 1183 φησι
990 1095 1059 1162 δεῖν
1080 1099 1141 1162 τού

55 1192 256 1284 ἡμικληρίου
286 1194 369 1283 μήτε
398 1193 464 1283 μην
487 1193 711 1277 δικάσασθαι,
740 1189 815 1263 ἀλλ’
841 1192 903 1286 ἤδη
928 1193 1014 1265 εἶναι
1035 1200 1140 1264 ταῦτα

55 1301 113 1365 τοῦ
144 1297 287 1378 παιδός,
322 1291 589 1385 άπαγραιμάσθω
620 1297 707 1385 πρὸς
739 1297 798 1366 τὸν
833 1295 974 1387 άρχοντα
1003 1299 1050 1379 είς
1081 1299 1140 1388 την

55 1406 234 1485 μίσθωσιν
255 1403 322 1466 των
338 1397 462 1466 ἐκείνου
482 1399 670 1488 χρημάτων,
693 1399 733 1487 ἣν
749 1396 766 1467 ὁ
783 1402 1046 1485 μισθωσάμενος
1070 1402 1139 1468 είσ-
1206 1474 1220 1494 ‚

57 1502 183 1589 πράξει
203 1525 246 1585 με
268 1504 373 1567 ταῦτα
396 1496 442 1578 άς
464 1495 545 1567 άντα
559 1504 620 1567 τοῦ
635 1501 768 1577 παιδός.
808 1505 914 1567 ταύτα
935 1501 1063 1587 μεγάλα
1086 1503 1137 1568 δί-
1152 1513 1190 1569 35

57 1604 135 1673 καιά
161 1602 244 1670 ἐστι.
289 1605 395 1669 ταῦτα
416 1604 471 1669 καὶ
496 1603 529 1669 οἱ
552 1601 648 1685 νόμοι
671 1601 868 1682 κελεύουσιν,
893 1596 930 1668 ού
952 1601 999 1686 μά
1014 1607 1084 1668 Δία
1101 1596 1138 1669 οὗ

56 1705 192 1796 γραφὰς
222 1704 279 1789 ἐμὲ
308 1705 443 1793 φεύγειν
470 1707 548 1793 περὶ
579 1699 625 1770 ὦν
653 1705 746 1782 δίκας
780 1704 869 1781 ἰδίας
899 1700 985 1772 εἶναι
1013 1729 1139 1771 πεποι-

57 1809 187 1894 ήκασιν,
211 1802 288 1874 οὐδὲ
311 1806 511 1875 κινδυνεύειν
533 1810 613 1895 περὶ
635 1806 875 1892 τοῦσώματος,
899 1800 953 1875 άτι
976 1800 1014 1874 ού
1036 1832 1139 1892 μετα-

58 1900 184 1994 δίδωμί
212 1914 262 1996 τῷ
291 1910 391 1975 παιδὶ
420 1909 559 1989 τούτων,
590 1908 611 1975 ά
640 1908 748 1999 ψήφῳ
776 1903 942 1998 κρατήσας
970 1907 1032 1996 ἐγώ
1061 1908 1140 1988 τοὺς

58 2012 194 2095 ἔχοντας
217 2003 303 2078 ούτω
326 2003 410 2098 παρ’
436 2007 529 2095 ὑμῶν
551 2009 687 2096 ἔλαβον·
716 2004 791 2078 ἀλλ’
819 2011 852 2078 εί
870 2039 905 2079 τι
926 2015 992 2079 τιῦν
1015 2007 1139 2097 δμολο-

58 2118 227 2200 γοομίνων
251 2109 337 2180 εἶναι
359 2116 419 2179 τοῦ
441 2111 568 2189 παιδὸς
591 2109 678 2196 εἶχον
692 2117 749 2180 καὶ
763 2117 871 2192 κακῶς
894 2114 1036 2201 διέθηκα
1052 2107 1135 2179 ὥστ’

58 2215 183 2284 ἐκεῖνον
204 2219 403 2296 κακοῦσθαι,
426 2214 502 2282 τότε
525 2209 565 2280 άν
588 2241 648 2299 μοι
668 2213 753 2280 κατά
768 2215 891 2304 ταύτην
906 2218 1054 2301 προσῆκε
1067 2221 1139 2301 κρί-

58 2325 183 2385 νεσθαι
205 2316 264 2404 τὴν
286 2315 427 2405 γραφήν,
452 2310 489 2382 οὗ
512 2314 560 2400 μὰ
582 2309 639 2383 Δί’
667 2309 725 2381 ούκ
747 2313 804 2381 ἐπὶ
826 2329 899 2392 τοῖς
921 2313 1023 2398 ἐμοῖς.

46 2468 49 2473 ·
134 2413 213 2487 Ὅτι
235 2419 295 2503 μὲν
319 2405 375 2486 οὖν
392 2413 468 2485 ούτε
482 2419 563 2505 περὶ
577 2417 704 2485 τούτων
722 2410 817 2484 ούδὲν
840 2417 968 2485 δίκαιον
991 2424 1137 2507 πεποίη-
1150 2425 1190 2484 ⁸0

57 2549 111 2589 κεν
135 2517 213 2588 ούτε
235 2523 404 2610 περὶτῶν
434 2516 544 2587 άλλων
567 2513 696 2609 άληθὲς
718 2514 813 2587 ούδὲν
837 2519 973 2610 ε’ίρηκεν,
1004 2512 1138 2588 άπαντα

58 2625 93 2691 δὲ
117 2624 234 2701 δεινῶς
257 2622 436 2711 πλεονεξίᾳ
457 2622 686 2712 μεμηχάνηται
709 2621 898 2708 διαβάλλων
911 2625 967 2689 καὶ
982 2621 1060 2701 τούς
1082 2621 1138 2690 νά-

56 2750 142 2811 μοος
164 2724 327 2812 παράγων
349 2727 405 2791 καὶ
427 2721 520 2810 ὑμῶν
542 2728 596 2792 καὶ
620 2724 700 2809 ἐμοῦ
723 2724 817 2812 παρὰ
834 2723 871 2792 τὸ
897 2724 1025 2792 δίκαιον
1040 2750 1138 2812 περι-

55 2831 220 2915 γενέσθαι
243 2825 356 2914 ζητεῖν,
381 2822 476 2909 οἶμαι
498 2824 545 2909 μὰ
569 2824 646 2902 τούς
668 2823 771 2902 θεοὺς
794 2818 867 2891 οὐδ’
893 2821 979 2908 ὑμᾶς
1008 2819 1137 2909 άγνοεῖν

57 2923 134 2996 ἀλλ’
154 2925 281 3013 ὁμοίως
304 2927 429 2995 εἰδέναι
444 2927 583 3008 πάντας,
607 2916 688 2992 ὥστ’
708 2920 766 2992 ούκ
788 2919 854 2991 οἶδ’
873 2917 940 2991 ὅτι
964 2924 1016 2991 δεῖ
1029 2926 1137 2992 πλείω

56 3035 138 3120 περὶ
161 3029 288 3098 τούτων
304 3032 420 3117 λέγειν.
458 3025 528 3117 δρῶ
550 3028 596 3110 δέ,
619 3014 789 3117 άάνδρες,
812 3025 872 3114 τὴν
886 3027 1047 3114 πλείστην
1063 3026 1136 3094 δια·
1153 3037 1189 3094 87

51 3132 175 3224 τριβὴν
203 3137 271 3198 τῶν
300 3132 407 3218 λόγων
429 3129 631 3216 ποιούμενον
653 3132 734 3217 περὶ
761 3127 821 3217 τὴν
846 3131 906 3196 τοῦ
933 3127 1058 3207 παιδὸς
1081 3122 1138 3197 ού-

56 3243 135 3304 σίαν
157 3237 215 3302 καὶ
237 3237 316 3322 περὶ
339 3232 399 3322 τὴν
422 3233 512 3321 ἐμήν,
538 3229 658 3300 καὶτὰ
681 3231 741 3317 μὲν
764 3231 888 3301 ἐκείνου
918 3231 1137 3301 παντάπασιν

52 3336 103 3417 ’ὡς
128 3333 244 3424 άπορα
266 3335 443 3419 διεξιόντα,
466 3340 545 3426 περὶ
569 3329 602 3402 δ’
629 3333 686 3420 ἐμὲ
708 3335 856 3403 πλοῦτόν
877 3361 953 3404 τινα
977 3339 1026 3422 νηί
1049 3335 1136 3423 λύγηι

143 3557 190 3615 33.
209 3563 224 3612 5
243 3555 322 3628 φήσει
340 3574 386 3626 με,
409 3575 472 3611 corr.
495 3565 518 3619 l;
538 3559 599 3609 item
618 3561 663 3619 34,
682 3559 697 3608 2
717 3585 750 3594 —
768 3561 783 3610 6
802 3556 831 3609 st.
849 3551 935 3623 μηδὲν
957 3549 1060 3619 άληθίν

53 3643 102 3700 84.
124 3648 135 3696 1
156 3637 221 3696 κατ’
236 3660 300 3698 corr.
314 3648 336 3708 1,
355 3637 414 3698 ..τ’
434 3658 472 3710 pr.
489 3670 524 3682 -
542 3646 556 3694 5
574 3639 629 3708 μὴν
647 3656 710 3695 corr.
724 3643 748 3704 2,
765 3641 803 3707 μὴ
820 3656 857 3707 pr.
876 3668 909 3679 -
927 3642 943 3690 6
960 3634 1012 3702 τὴν
1029 3653 1092 3694 corr.
1116 3642 1136 3702 1,

54 3799 91 3867 νὴ
109 3818 147 3869 pr.
217 3797 475 3854 35.·7καίε.ν.2
551 3789 793 3849 mamm.
813 3806 876 3844 corr.
945 3738 1138 3856 iudei?

55 3903 104 3954 pr„
128 3886 169 3938 bis
195 3884 230 3950 ὴν
248 3899 270 3936 ε.»
287 3900 312 3936 v.
332 3882 453 3952 opposuit
472 3883 484 3932 1
511 3908 545 3919 -—
568 3884 633 3946 4sq.
653 3872 799 3939 διεξιόντος
823 3880 849 3928 et
872 3871 1137 3928 κατασκευάσωνται

55 3986 107 4024 em.
124 3971 183 4023 Ald.
