2550 4478
152 116 214 178 104
446 135 450 144 ·
639 113 747 169 ΙΣΑΙΟΥ
1147 129 1218 174 σε.
1237 118 1265 167 Ι

134 278 282 376 ’φανερά
306 277 353 352 δι’
373 280 476 351 αύτοῦ
492 289 684 366 ποιεῖσθαι,
707 281 870 371 παράγων
886 277 992 370 άνδρα
1007 280 1265 373 πρεσβύτερον

151 393 357 477 θεραπείαις
378 389 433 454 καὶ
456 387 654 466 κολακείαις,
679 385 741 464 ἕως
764 378 900 452 ἅπαντα
921 381 964 450 τά
987 382 1113 452 ἐκείνου
1135 404 1260 469 πορν

152 492 280 576 ἐλαβεν.
318 487 416 568 είδώς
440 489 476 555 δὲ
498 481 553 570 ότι
575 487 711 555 πάντων
727 485 790 573 ἐγώ
813 485 941 553 τούτων
956 485 1041 553 κατὰ
1064 486 1102 554 τό
1124 500 1257 576 προσ-

151 595 231 679 ηκον
254 588 340 660 εἶναι
362 590 474 679 κύριος
497 589 642 679 ζητήσω,
673 586 779 657 όπότε
801 585 819 656 ό
843 587 992 666 πάππος
1014 588 1251 678 ἐτελεύτησεν,

153 694 294 763 εἰσιέναι
315 699 376 779 μέν
397 718 440 778 με
461 695 518 759 καὶ
539 692 745 780 θεραπεύειν
763 690 887 759 ἐκεῖνον
909 692 966 758 καί
989 691 1251 780 συνδιατρίβειν

140 789 212 864 ὀύκ
234 794 369 877 ἐκώλυε,
401 793 520 873 δεδιώς
540 793 585 882 μὴ
609 796 808 882 τραχυνθεὶς
831 793 879 870 εἰς
906 786 1007 880 όργὴν
1028 798 1247 877 κατασταίην

152 896 240 984 πρός
263 891 374 978 αύτόν,
398 895 624 983 παρεσκεύαζε
647 895 683 962 δέ
700 921 764 1019 μοι
778 893 837 962 τόν
855 888 1153 983 ἀμφισβητήσοντα
1170 892 1245 978 τῆς

152 992 286 1080 ούσίας,
316 1003 417 1085 μέρος
439 997 628 1066 πολλοστὸν
650 997 758 1086 τούτῳ
780 995 980 1082 μεταδιδούς
1005 996 1036 1064 εί
1057 989 1239 1084 woeffl-

152 1123 250 1182 σειεν,
280 1096 369 1186 αύτιυ
400 1099 435 1166 δὲ
464 1103 570 1166 ταῦτα
598 1099 711 1166 πάντα
733 1103 935 1188 περιποιεῖν,
963 1101 1022 1167 καί
1050 1093 1127 1167 οὐδὲ
1147 1093 1237 1220 πρὸξ

153 1205 271 1270 τοῦτον
293 1163 523 1289 όμόλογιῦν
487 1228 547 1270 τον
569 1201 717 1269 πάππον
740 1202 894 1291 χρήματα
916 1204 1125 1285 καταλιπεῖν,
1153 1187 1228 1269 άίλ

101 1317 139 1375 38
154 1301 242 1373 εἶναι
264 1304 402 1394 φάσκων
418 1300 522 1372 οὐδέν.
567 1307 624 1371 καὶ
646 1299 822 1392 ἐπειδὴ
779 1328 921 1388 τάχιστα
941 1302 1232 1396 ἔτελεύτησεν,ἒν·

153 1407 262 1497 τάφια
277 1407 688 1495 προπαρασκευασάμενος
710 1406 747 1474 τὸ
764 1408 824 1492 μὲν
841 1401 998 1496 άργύρισν
1015 1407 1073 1493 ἐμὲ
1091 1406 1232 1475 ἐκέλευεν

154 1510 304 1599 ἐνεγκεῖν,
321 1507 367 1590 ὥς
381 1515 448 1579 τιῦν
462 1511 640 1599 μαρτύρων
651 1504 814 1600 ἠκούσατε
824 1509 1118 1600 μαρτυρησάντων,
1134 1503 1232 1577 όπει·

154 1615 296 1704 ληφέναι
319 1613 355 1679 δέ
378 1612 473 1702 παρά
495 1613 594 1680 τοῦδε
616 1626 867 1701 προσεποιεῖτο,
891 1605 978 1699 παρ’
997 1610 1079 1697 ἐμοῦ
1102 1612 1137 1679 δὲ
1157 1604 1230 1679 σύκ-

154 1719 205 1781 έτι
227 1709 350 1800 ἤθελεν
367 1708 563 1799 ἀπολαβεῖν,
586 1711 842 1802 ύποπαρωθιῦν.
865 1706 960 1792 ὅπως
976 1711 1101 1794 ἐκεῖνος
1122 1714 1228 1797 δοκοίη

154 1814 304 1882 θάπτειν
328 1808 413 1880 άλλά
436 1814 481 1903 μὴ
506 1813 568 1901 ἐγώ
592 1815 651 1883 τόν
674 1815 831 1883 πάππον.
885 1808 1174 1907 ἀμφισβητοῦντος
1192 1810 1227 1880 δὲ

154 1915 272 1984 τούτου
295 1919 431 2006 καὶτῆς
454 1917 562 1994 οἰκίας
589 1917 711 2007 ταύτης
732 1920 787 1984 καὶ
811 1921 879 1984 τῶν
910 1913 1021 1985 ἄλλων
1044 1912 1091 1985 τόν
1113 1917 1227 1992 ἐκεῖνος

153 2020 322 2102 κατέλιπε,
345 2021 401 2086 καὶ
417 2013 512 2086 ούδὲν
528 2018 717 2109 φάσκοντος
731 2022 1020 2103 καταλελοιπέναι,
1042 2020 1224 2107 βιάσασθαι
1254 2034 1258 2039 ’

153 2121 213 2207 μὲν
235 2120 373 2189 καὶτὸν
394 2121 542 2190 πάππον
564 2128 766 2212 μεταφέρειν
788 2121 822 2189 ἒν
843 2136 919 2200 ταῖς
945 2122 1119 2201 τοιαύταις
1140 2116 1222 2189 όκαι·
1264 2181 1265 2186 ,

154 2229 244 2309 ρίαις
270 2217 328 2290 οόκ
356 2219 449 2313 η’ίμην
478 2225 558 2309 δεῖν,
587 2229 654 2292 ταῖν
683 2227 792 2311 φίλων
821 2250 880 2308 μοι
902 2217 1008 2290 ταότά
1037 2221 1220 2312 γιγνωσκόν-

153 2349 230 2405 των,
263 2332 461 2393 συνεποίουν
492 2327 528 2392 δὲ
555 2329 613 2392 καί
642 2332 871 2409 συνέθαπτον,
902 2324 939 2405 ἐξ
964 2319 1011 2393 τόν
1040 2323 1058 2393 ό
1090 2326 1219 2397 πάππος

102 2435 141 2492 89
156 2426 316 2492 κατέλιπε
344 2429 410 2492 τῶν
440 2421 668 2510 άναλωμάτιον
695 2434 906 2515 γιγνομένων.
957 2431 1013 2496 καὶ
1042 2433 1146 2496 ταῦτα
1169 2423 1223 2511 μλί.

155 2518 261 2604 ούτως
284 2519 511 2613 άναγκασθείς
533 2527 664 2614 ἔπραξα
685 2533 804 2597 τοῦτον
826 2529 885 2599 τόν
906 2528 1052 2618 τρόπον·
1082 2523 1172 2608 όπως
1189 2521 1216 2590 δὲ
1250 2557 1265 2587 -ι

154 2631 256 2720 μηδέν
278 2655 343 2715 μου
364 2629 468 2720 ταύτη
491 2632 730 2713 πλεονεκτοῖεν,
761 2631 846 2720 παρ’
871 2630 948 2718 ύμῖν
971 2632 1154 2722 φάσκοντες
1173 2619 1215 2696 οὗ·

155 2733 210 2802 δέν
231 2759 274 2819 με
296 2732 344 2812 εἰς
366 2731 426 2822 τὴν
447 2731 558 2821 ταφὴν
582 2726 853 2824 άνηλωκέναι,
818 2760 877 2802 ταν
900 2733 1058 2853 ἐξηγητην
1080 2718 1262 2858 ιίρόμενσςξ,Ἰ

155 2834 281 2905 ἐκείνου
302 2834 518 2915 κελεύσαντος
541 2828 699 2924 άνήλωσα
721 2830 805 2923 παρ’
825 2835 968 2921 ἐμαυτου
955 2839 1048 2903 καὶ
1070 2836 1112 2904 τά
1135 2834 1257 2921 ε’νατσ’Ι
1258 2854 1262 2863 ·

156 2933 379 3025 ίπήνεγκα,ε
353 2962 400 3015 ως
423 2935 553 3004 οἷόντε
575 2937 736 3005 κάλλιστα
758 2937 1028 3027 παρασκευάσας,
1051 2939 1108 3006 ἵνα
1126 2931 1265 3005 αύτσῖί
1252 2926 1265 3009 λ

155 3035 337 3124 ἐκκόψαιμι
358 3038 481 3126 ταύτην
503 3065 562 3127 την
587 3040 736 3128 ῖεροσυλί
737 3068 786 3122 αν,
810 3042 865 3107 καὶ
887 3040 944 3108 ι’να
959 3039 1003 3129 μὴ
1028 3040 1155 3130 δοκοῖεν
1174 3058 1216 3102 ov·
1254 3012 1265 3105 λ

153 3163 208 3205 τοι
237 3138 298 3223 μὲν
328 3133 531 3230 άνηλωκέναι
561 3140 689 3223 πάντα,
719 3140 781 3228 ἐγώ
813 3142 849 3207 δὲ
872 3135 976 3224 οὐδέν,
1008 3136 1127 3208 όιλλΗ
1110 3142 1217 3226 ομσίίίί

154 3233 255 3327 κάγιό.

103 3353 142 3408 40
242 3347 310 3411 Καὶ
332 3340 375 3411 τά
390 3344 450 3429 μὲν
464 3350 670 3436 γεγενημένα,
693 3346 750 3411 καὶ
773 3339 820 3410 δι’
840 3343 918 3411 άτά
934 3345 1117 3432 πράγματα
1131 3344 1218 3411 ταῦτα

162 3458 1220 3486 ..md

242 3534 258 3583 6
275 3526 458 3595 τείεοτόσεων
476 3528 591 3597 Scaliger
609 3560 642 3570 -
663 3535 693 3584 10
711 3531 793 3583 τοῦτο
811 3548 858 3599 ρο,
877 3547 939 3584 corr.
961 3536 983 3584 1.
1041 3528 1089 3588 88.
1106 3535 1135 3586 10
1146 3513 1220 3585 ταύτὰ

153 3612 369 3683 γιγνωσκόντων
391 3612 453 3666 Rsk.
479 3630 530 3667 σεε.
554 3614 585 3667 δε
609 3629 681 3668 meo:
708 3615 823 3669 ταῦτα.
830 3611 1012 3669 ..ναισιιότων
1035 3631 1082 3686 pn,
1107 3632 1180 3688 συγγι
1199 3604 1220 3655 ¹¹¹

154 3712 204 3750 ειε.
226 3714 290 3752 corr.
312 3704 333 3763 1,
352 3719 369 3752 ν
386 3713 496 3764 suprao
520 3698 578 3752 εδδ.
597 3701 664 3751 2-
683 3702 712 3751 11
733 3697 910 3753 συνθαπτων
922 3717 968 3769 pr
987 3703 1089 3756 corr..2
1153 3689 1221 3754 ΒΗ

155 3781 274 3848 Ηεεροεε.
287 3799 313 3834 v
332 3779 471 3852 ίξηγητὴτε
487 3781 533 3838 ’.λα
551 3786 633 3851 ίντῷ
647 3783 776 3853 περὶτοῦ
795 3788 921 3853 Κίρωνοε
932 3789 974 3849 (ex
986 3801 1035 3840 em
1049 3767 1223 3852 ῩεΙεείἰΗίό

156 3885 255 3937 ρου-
275 3869 439 3920 διαιταν
458 3868 516 3922 add
535 3873 558 3922 2
