2572 4476
60 247 80 284 ο.
96 240 134 280 54.
332 226 408 280 ΠΕΡΙ
426 227 490 282 ΤΟΥ
503 227 738 282 ΔΙΚᾸΙΟΓΕΝΟΥΣ
755 229 892 284 uapor.
1109 225 1150 286 63

60 415 124 468 τος
148 392 185 459 δὲ
208 389 225 459 6
249 389 323 478 μετ’
343 389 445 463 αὐτοῦ
464 399 741 485 Μνησιπτολέμω
763 401 810 483 τω
833 395 1064 523 έγγυησαμένῳ
1085 404 1150 467 Δι-

60 499 220 584 καιογένη
243 496 328 580 μετὰ
350 498 596 586 Λεωχάρους
576 525 616 566 νν
638 492 795 586 άδελιγός.
840 493 932 566 οὗτοι
954 504 1068 582 μέντοι
1091 495 1162 569 οὐκ

61 586 239 684 ηθέλησαν
256 593 556 688 66066vao6at,‘
539 599 747 727 ορκώσαντες
768 587 889 688 ἡμᾶςῆ
912 599 977 688 μὴν
998 599 1148 686 ἐμμενεῖν

66 693 119 772 οἷς
148 723 187 764 αν
218 693 314 767 αὐτοὶ
341 715 461 787 γνοῖεν.
517 704 574 768 καὶ
601 700 727 769 τούτων
755 697 834 786 ὑμῖν
860 699 1030 790 μάρτυρας
1060 728 1147 792 παρ-

67 795 196 881 ε’ξ.ομαι

496 908 720 959 ΜΑΡΤΥΡΕΣ.

157 978 224 1050 Οὐκ
247 972 304 1053 οὖν
334 985 443 1054 δεινὸν
471 987 501 1054 εἰ
532 987 687 1076 δεήσεται
707 984 809 1074 ὑμῶν,
838 975 865 1055 ὦ
895 984 1022 1078 ἄνδρες,
1044 999 1200 1066 Aeco-u

71 1084 167 1174 χάρης
196 1081 345 1178 άποψηφ
349 1089 542 1157 ίσασθαι“
521 1118 542 1156 α
564 1095 761 1180 Διοπείθης
786 1081 1004 1180 κηδεστὴς
975 1119 1022 1158 ων
1045 1086 1148 1161 αὐτοῦ

72 1197 239 1278 κατεψηφί
241 1213 343 1275 σατο,·
364 1181 385 1278 ἢ
406 1188 483 1276 ὑμῖν
505 1195 580 1270 πῶς
600 1187 743 1260 καλὸν
725 1197 919 1280 απογνιῦναι
940 1195 1146 1317 Λεωχάρους

75 1280 145 1375 άγε
168 1286 239 1358 οὐδ’
267 1294 300 1359 οἱ
328 1293 552 1383 προσήκοντες
576 1287 678 1361 αυτοῦ
700 1288 917 1384 άπέγνωσαν,·
945 1285 1124 1381 δέομαι
1087 1324 1144 1365 ουν

74 1384 156 1472 ὗμιῦν
178 1384 490 1484 καταψηφίσασθαι
511 1390 796 1522 Λεωχάρους,“ιν’
816 1423 839 1463 α
859 1393 939 1484 ἡμῖν
962 1400 995 1466 οί
1017 1400 1143 1489 πρόγο-

74 1515 118 1558 νοι
138 1497 319 1562 κατέλιπον
340 1496 572 1581 κομισώμεθα,
595 1499 650 1563 καὶ
672 1494 716 1584 μὴ
739 1495 899 1580 μόνοντὰ
918 1491 1069 1583 ὀνόματα
1085 1496 1143 1568 αὖ·

72 1596 131 1659 τιῦν
158 1594 283 1715 έχιρμεν
312 1589 397 1662 ἀλλὰ
426 1599 483 1662 καὶ
511 1596 553 1662 τὰ
579 1597 743 1684 χρήματα.
791 1600 857 1664 τῶν
881 1597 917 1663 δέ
938 1602 1143 1692 Λεωχάρους

71 1690 115 1759 ἰδί
104 1701 162 1760 ίων
186 1691 243 1762 οὐκ
265 1695 507 1783 εντιθυμοῦμεν.
552 1702 751 1787 Δικαιογένη
773 1699 845 1789 γάρ,
868 1727 895 1766 ω
880 1686 1099 1790 άνδρες,’
1068 1698 1139 1771 οὐτ’
1155 1722 1193 1780 85

70 1791 207 1863 ἐλεεῑν’
193 1804 326 1865 εστεί
291 1798 415 1866 δίκαιοι
436 1796 509 1887 (ὦς)
532 1804 639 1878 κακῶς
661 1799 853 1887 πράττοντα
870 1805 926 1870 καὶ
949 1803 1141 1889 πενόμενον,

71 1890 135 1962 οὔτ
155 1883 191 1964 εὖ
206 1915 319 1966 ποιειν
334 1926 380 1978 ως
403 1894 533 1988 άγαθόν
548 1928 581 1969 τι
605 1902 868 1990 ειργασμένον
831 1930 891 1993 την
906 1904 1024 1973 πάλιν
1047 1901 1142 1974 οὐδέ-

70 2021 142 2085 τερα
163 1998 225 2118 γάρ
250 1995 341 2088 αὕτη]
361 2002 487 2070 τούτων
501 1999 653 2093 ὑπάρχει,
677 2000 724 2085 (ὃς
746 2004 808 2093 έγώ
829 2000 1008 2096 ἀποφανῶ,
1032 1995 1059 2074 ὦ
1082 2005 1140 2076 άν-

70 2094 207 2187 δρες.
192 2097 262 2185 άμα
285 2103 397 2170 δὲκαὶ
420 2105 584 2173 πλούσιον
605 2110 661 2175 καὶ
684 2108 915 2198 πονηρότατον
937 2102 1038 2176 αὐτὸν
1059 2105 1140 2176 ὅντα

69 2193 256 2291 ἀνθρώπων
272 2198 395 2273 άποόεί
383 2207 441 2285 ίξω
463 2211 519 2274 καὶ
536 2208 584 2286 εἷς
605 2208 665 2295 την
680 2208 782 2277 πόλιν
797 2209 898 2276 καὶ’
869 2235 917 2286 εις
934 2233 1012 2284 τους
1034 2233 1141 2330 προρ-

68 2303 201 2390 ηκοντας
222 2332 277 2372 και
302 2307 350 2385 εἷς
371 2306 448 2385 τους
469 2312 601 2396 φίλους.
651 2302 748 2386 οὗτος
769 2307 831 2395 γὰρ
853 2307 1118 2397 παραλαβών
1083 2336 1142 2377 τον

67 2408 181 2496 κλῆρον
205 2432 275 2495 παρ
279 2402 401 2495 ἡμῶν
424 2415 570 2499 φέροντα
591 2415 766 2495 μίσθωσιν
780 2414 840 2478 τοῦ
855 2409 1007 2479 ἐνιαυτοῦ
994 2404 1141 2536 ὀγδοή-

65 2533 161 2575 κοντα
182 2512 276 2593 μνᾶς,
299 2511 563 2599 καρπωσάμενος
584 2505 686 2581 αυτὸν
708 2512 826 2580 ὄέκα”
808 2538 864 2603 ετη
888 2509 964 2582 οὕτε
986 2507 1141 2603 άργάριον

64 2605 228 2696 ὡμολόγει
249 2617 433 2702 κεκτῆσθαι
455 2610 531 2682 οάτε
545 2608 613 2703 ὅπῃ
631 2609 831 2704 άνήλωσεν”
813 2642 883 2701 εχοι
898 2643 939 2685 αν
962 2615 1140 2697 ἐπιδεῖξαι,

64 2738 87 2776 ω
75 2698 239 2802 ανδρες.
285 2710 379 2792 αξιον
402 2716 466 2782 δὲ
458 2719 515 2783 καὶ
536 2713 614 2803 υμῖν
637 2719 710 2804 λογί
698 2723 853 2785 ίσοσθαι.
897 2743 994 2796 ουτος
1014 2716 1076 2807 γάρ
1098 2722 1140 2804 τῆ
1153 2735 1194 2794 36

63 2815 119 2895 μέν
135 2815 271 2903 φυλῇ’
242 2841 290 2895 εις
304 2816 469 2885 Διονύσια
481 2819 668 2935 χορηγήσας
681 2824 840 2938 τέταρτος
856 2819 992 2904 ἐγένετο,
1012 2841 1141 2904 τραγῳ-

64 2916 132 2995 δοῖς
157 2916 193 2983 δέ
215 2920 271 2985 καὶ
293 2932 529 3006 πυρριχισταῖς
544 2912 700 2997 ν’στατος·
723 2918 846 2995 ταύτας
870 2918 906 2983 δέ
920 2917 1026 3001 μόνας
1042 2910 1142 3002 άναγ-

62 3022 203 3096 κασθείς
212 3019 299 3106 (τὰς)
312 3022 518 3107 λειτουργίας
534 3020 765 3106 λειτουργῆσαι
777 3011 846 3084 άπὸ
859 3016 1023 3106 τοσαύτης
1034 3040 1142 3105 προσ-

62 3121 139 3188 όδου
156 3116 243 3189 ου’τω
258 3127 366 3201 κακῶς
381 3117 584 3212 ἐχορήγησεν.
623 3114 707 3187 ἀλλὰ
722 3116 787 3209 μὴν
801 3113 1007 3210 τριηράρχων
1022 3118 1143 3186 τοσού-

62 3248 125 3290 των
147 3230 428 3292 κατασταθέντων
448 3218 520 3292 οάτ’
543 3220 643 3302 αὐτὸς
664 3220 916 3314 ἒτριηράρχησεν
939 3216 1017 3290 οὗθ’
1038 3221 1141 3312 ἑτέρῳ

64 3327 285 3416 συμβέβληκεν
308 3325 342 3394 έν
364 3326 530 3405 τοιούτοις
550 3339 693 3413 καιροῖς,
718 3320 791 3392 ἀλλ’
811 3326 918 3415 ἕτερον
939 3327 999 3411 μέν
1023 3318 1141 3393 οὐσίαν

144 3477 190 3533 83.
210 3484 233 3532 4.
248 3483 262 3532 5
281 3476 452 3550 λικαιογένειι
471 3496 520 3533 em.
533 3479 580 3532 Bk.
597 3508 632 3518 -
650 3485 666 3532 6
684 3481 821 3546 έμμένεινε
840 3497 888 3534 em.
901 3481 962 3534 Rsk.
976 3510 1008 3518 -
1027 3483 1043 3532 9
1061 3479 1100 3531 tit.
1113 3481 1140 3531 in

64 3575 109 3629 mg.
125 3569 135 3615 1
159 3570 219 3631 post
231 3559 359 3631 ίεάχάριε
371 3561 425 3618 ἄπο
438 3567 479 3630 34,
489 3567 512 3616 2.
564 3561 639 3617 362
657 3559 768 3616 αὐτοῦ..
787 3594 820 3603 -
839 3569 853 3616 3
866 3559 931 3632 ἡμῖν
943 3580 989 3630 pn,
1002 3579 1064 3615 corr.
1080 3567 1092 3615 1
1107 3593 1140 3602 —

64 3643 130 3713 ίιάν
147 3651 287 3719 ἕγνωσανι
306 3664 355 3700 em.
373 3647 434 3700 Rsk.
452 3678 487 3686 -
505 3650 520 3701 8
538 3637 740 3715 ἐπεθυμοῦμεν.
817 3647 863 3703 85.
882 3652 897 3700 2
916 3642 952 3699 ωέ
970 3647 1027 3700 add.
1041 3646 1088 3700 Bk.
1107 3677 1140 3687 -

65 3727 258 3803 4άποφοιίνωι
277 3748 325 3786 em.
339 3732 400 3784 Rsk.
420 3761 452 3770 —
471 3735 486 3784 8
504 3725 585 3798 ὑμῶν
596 3731 655 3784 nbr.
674 3763 706 3772 -
726 3737 757 3786 10
775 3727 956 3801 ὅμολογεῖΒίε.
974 3761 1008 3770 -
1025 3726 1080 3797 ὅπη
1093 3747 1140 3797 pr„

65 3805 124 3867 ὅποι
142 3833 206 3870 corr,
227 3822 249 3870 1.
310 3815 355 3872 86.
374 3819 397 3868 2.
416 3819 431 3868 3
451 3816 548 3891 virgula
568 3821 627 3883 post
643 3813 794 3888 τραγῳδοῖς
812 3815 895 3883 posita
914 3809 945 3865 δὲ
961 3815 1011 3867 del.
1030 3815 1140 3882 Bentley

64 3923 94 3938 -
112 3904 126 3953 3
146 3904 335 3972 πυρριχοίταω
343 3917 390 3967 pr.,
403 3903 585 3971 πυρριχιέταιε
597 3918 675 3954 corn:
694 3917 742 3954 em.
758 3900 858 3952 Palmer
868 3927 902 3937 -
915 3901 932 3950 4
948 3897 996 3952 τὰς
1008 3901 1064 3954 add.
1078 3901 1139 3953 Rsk.

65 4008 94 4021 ·-
113 3989 127 4038 5
140 3983 230 4038 καλῶν
244 3985 302 4038 Ald.
320 4014 354 4022 -
372 3990 386 4038 7
399 3983 454 4052 μὴν
467 3983 570 4052 Sauppe
584 4014 613 4023 -
630 3988 653 4037 ¹1.
664 3987 678 4038 8
691 3986 781 4056 έτεροε
792 3989 818 4036 et
831 3986 1003 4047 κεκτημένοις
1017 4001 1066 4039 em.
1077 3983 1139 4035 Rsk.
