2572 4476
178 204 238 266 142
656 208 765 264 ΙΣΑΙΟΥ
1173 230 1209 273 οι.
1223 232 1253 274 12

175 383 305 458 κασταέ,
329 377 406 454 τούς
421 376 547 444 ἑαυτῶν
554 373 686 505 ἄνδρας
702 379 738 445 αἱ
750 371 906 502 ἀδελφαὶ
927 395 1106 469 μαρτυρεῖν
1123 366 1255 468 [εἴασαν

140 478 242 567 δκαλ]
265 478 465 566 ἐπέτρεψαν.
509 480 658 569 καὶμὴν
688 472 809 548 ούδ
788 477 866 548 ανδ
896 487 993 561 θεῖος
1019 481 1106 569 πρὸς
1127 482 1255 572 μητρὸς

173 577 254 668 ἡμῖν
277 608 333 662 ων,
357 581 464 669 τούτῳ
489 582 524 648 δὲ
548 576 643 649 ούδὲν
627 583 844 671 νπροσήκων
866 583 1031 672 δήπου
989 611 1029 671 τη
1052 585 1172 653 τούτου
1189 613 1254 676 μη-

172 687 228 769 τρὶ
248 677 460 772 ἠθέλησεν”
438 712 486 761 αν,
516 712 542 751 ω
528 672 684 773 ἄνδρες
712 687 881 768 δικασταί,
908 691 1120 775 μαρτυρῆσαι
1143 690 1254 778 ψευδῆ

172 793 316 873 μαρτυρέ
318 814 366 868 αν,
391 782 478 854 δι’“
458 813 498 875 ην
519 784 598 876 ἡμῖν
619 793 765 874 γίγνεται
785 787 893 877 βλάβη
916 789 1116 877 περιφανής,
1140 790 1254 878 εἴπερ

173 883 308 966 ξένον”
288 914 369 955 οντα
394 892 511 955 τοῦτον
535 889 750 973 εἰσποιοῦμεν
767 883 953 978 ἀδελφὸνε
934 904 1014 978 ημῖν
1037 885 1162 970 αὐτοῖς.
1202 894 1254 962 ε’τι

173 997 293 1072 τοίνυν,
322 1018 349 1057 ω
380 986 497 1079 ἄνδρες
526 992 695 1073 δικασταί,
729 990 815 1079 πρὸς
844 991 975 1070 τούτοις
997 990 1152 1080 (ποις)”
1129 1022 1170 1062 αν
1200 1022 1254 1076 τις

171 1087 263 1175 ύμιῦν
285 1099 462 1182 καταγνοίη
485 1094 783 1182 φεοδομαρτυριων
804 1094 1009 1184 Δημαράτου
1035 1099 1172 1165 τουτουὶ
1195 1102 1253 1166 καὶ

165 1187 351 1279 Ἡγήμονος
372 1195 428 1260 καὶ
443 1195 683 1283 Νικοστράτου,
707 1198 740 1261 οἳ
762 1196 971 1284 πρῶτονμὲν
993 1189 1088 1264 οὐδὲν
1112 1197 1254 1287 αἰσχράν

171 1288 333 1362 ούδέποτε
356 1295 565 1383 φανήσονται
586 1295 871 1419 ςἐπιτηδεύσαντες,
895 1295 968 1364 εἶτα
991 1291 1024 1365 δ’
1050 1297 1171 1368 οἰκεῖοι
1194 1297 1253 1369 άν-

170 1422 225 1474 τες
245 1394 325 1487 ημῖν
346 1400 402 1465 καὶ
425 1395 596 1475 εἰδότεςς
578 1403 666 1486 ημᾶς
689 1392 881 1484 άπανταςγ
869 1401 1160 1520 μεμαρτυρηκασιν
1184 1399 1253 1471 Ei·-

136 1507 152 1561 7
171 1500 302 1589 φιλήτφ
317 1504 439 1588 τουτιοὶ
461 1500 520 1590 τὴν
537 1497 636 1568 αύτου
624 1502 874 1589 συγγένειαν”
856 1525 1002 1581 εκαστος.
1039 1496 1128 1572 ὥστε
1142 1501 1253 1593 ηδέως

169 1593 230 1671 κάν
257 1608 324 1671 τῶν
354 1597 669 1689 dntdcnot‘vvwv‘p
635 1618 713 1723 ημῖν
742 1608 801 1672 τοῦ
831 1604 1032 1690 σεμνοτάτου
1059 1612 1199 1692 πυθοέμ
1171 1634 1251 1698 μην,

171 1706 201 1773 εἰ
230 1702 375 1775 ἄλλοθέν
403 1708 562 1775 ποδεν”
544 1733 613 1791 εχοι
643 1697 683 1774 άν
706 1703 935 1786 ἐπιδεῖξαι’
897 1707 996 1775 αυτὸν
1019 1702 1252 1799 Αθηναιον
1228 1739 1249 1800 η

170 1807 205 1875 ἐκ
225 1809 353 1876 τούτων
368 1836 414 1875 ιον
435 1812 492 1876 καὶ
512 1824 608 1897 ηιεις
623 1803 813 1931 Εὐφίλητον
829 1809 1067 1895 ἐπιδείκνυμεν.
1105 1810 1169 1898 εγώ
1187 1815 1250 1898 μὲν

168 1908 230 1997 γὰρ
254 1905 311 1976 ούκ
334 1907 429 1993 οἶμαι
452 1906 533 1978 άλλο
556 1939 591 1979 τι
618 1902 658 1977 άν
682 1906 780 1978 αὐτὸν
804 1903 985 2040 (εἰπεῖν)η
1011 1905 1065 1980 ὅτι
1092 1940 1112 2034 η
1137 1915 1250 2035 μήτηρ

169 2005 252 2100 άστη
247 2005 335 2078 τέ
321 2035 441 2079 εστι
459 2009 573 2081 ,καλά
591 2039 703 2102 πατηρ
720 2007 860 2099 (ἀστός),
883 2017 939 2082 και
955 2039 1001 2094 ως
1014 2042 1096 2082 ταυτ
1099 2010 1249 2126 ἀληθῆ

134 2124 152 2179 8
171 2117 266 2201 λέγει,
290 2108 463 2204 παρέχοιτ’
484 2105 524 2182 άν
547 2112 638 2210 αύτοι
659 2114 737 2194 τούς
761 2130 923 2203 συγγενεῖς
944 2117 1124 2206 μάρτυρας.
1162 2117 1249 2202 εἶτα,

167 2247 193 2285 ιο
179 2206 335 2308 άνδρες
357 2219 588 2301 δικασταί,’
559 2245 588 2286 ει
617 2219 678 2304 μὲν
707 2245 800 2286 ουτοι
824 2217 1037 2302 ἐκινδύνευον,
1065 2213 1229 2307 ηξίοον”
1206 2249 1248 2288 αν

165 2336 237 2400 τοῖς
267 2318 375 2388 αύτων
404 2319 587 2399 οικεέοις(
570 2325 656 2407 υμᾶς
683 2321 856 2388 πιστεύειν
881 2325 1086 2411 μαρτυροῦσι
1115 2325 1248 2406 μᾶλλον

165 2449 184 2508 η
208 2437 281 2500 τοῖς
307 2424 518 2512 κατηγόροις·
548 2426 617 2491 νυνὶ
649 2423 685 2489 δὲ
712 2420 806 2511 ημῶν
828 2418 940 2490 πάντα
969 2427 1075 2490 ταῦτα
1096 2448 1247 2513 παρεχο-

164 2528 273 2607 μένων
289 2517 490 2600 ἀξιώσουσιν
504 2520 592 2605 ύμᾶς
605 2537 677 2600 τοῖς
693 2520 801 2590 αύτῶν
816 2529 1009 2593 πείθεσθαι
1025 2525 1136 2611 λόγοις
1157 2529 1247 2610 μάλ-

165 2626 223 2691 λον
244 2614 267 2711 ἢ
288 2627 336 2710 τη]
358 2625 462 2710 πατρὶ
486 2627 535 2709 τῷ
558 2618 748 2711 Εὐφιλήτου
771 2627 826 2689 καὶ
856 2623 929 2707 ἐμοὶ
952 2628 1008 2692 καὶ
1033 2631 1082 2711 τηῖ
1105 2621 1247 2719 άδελφηῖ

163 2727 314 2804 καὶτοῖς
342 2724 505 2815 φράτερσι
533 2727 589 2792 καὶ
619 2724 712 2812 πάσῃ
734 2728 775 2811 τῇ
796 2721 941 2812 ἡμετέρα
970 2735 1159 2815 συγγενεία,·
1188 2733 1246 2799 καὶ

163 2825 228 2917 μὴν
255 2821 348 2896 οὗτοι
374 2828 435 2913 μὲν
466 2819 561 2895 ούδὲν
588 2820 697 2895 ούδενὶ
726 2826 968 2906 κινδυνεύοντες
998 2826 1087 2906 ἰδέας
1116 2827 1246 2922 ἔχθρας

253 3039 283 3089 10
301 3032 400 3088 ἑαυτὸν
418 3033 438 3085 Β
456 3051 494 3101 pr.
513 3040 539 3086 et
556 3032 582 3084 M
604 3063 637 3071 —
662 3036 701 3085 10.
722 3036 750 3084 11
771 3031 867 3083 εἴασαν
884 3034 929 3083 καὶ
947 3031 974 3082 in
991 3047 1040 3084 ras.
1058 3031 1119 3084 1³2:
1139 3032 1190 3087 del.
1211 3034 1244 3087 de

163 3136 230 3185 meo,
248 3124 293 3173 καὶ
311 3123 467 3191 ἐπέτρεψαν
485 3119 536 3172 del.
549 3118 611 3170 Rsk.
659 3116 685 3171 6.
698 3122 709 3170 1
723 3109 786 3169 οὐδ’
799 3116 860 3168 Bk.:
879 3111 927 3168 οὐκ
944 3146 978 3155 -
997 3119 1011 3168 2
1024 3116 1163 3188 προσῆκον
1174 3115 1195 3168 F
1208 3148 1243 3158 -

163 3210 177 3256 3
196 3205 380 3276 μαρτνρῆσαιε
398 3225 414 3255 υ
427 3220 441 3256 e
454 3220 517 3258 corr.
531 3202 552 3253 B
571 3232 602 3242 —
622 3206 637 3254 4
652 3206 816 3272 μαρτυρίοισι
829 3205 911 3269 νρέαν
922 3201 974 3253 vid.
986 3217 1051 3255 corr.
1063 3200 1084 3253 B
1101 3229 1136 3239 —·
1155 3205 1242 3255 Μτι

162 3288 189 3353 F,
208 3288 260 3341 vid.
277 3290 338 3339 {ova
356 3289 436 3340 fuisse
458 3316 490 3325 —
516 3287 610 3339 θπῶι
627 3285 684 3337 add.
702 3285 763 3336 Rsk.
782 3299 865 3351 ειυς.
883 3284 958 3341 Bodl.
981 3315 1016 3326 -
1040 3283 1167 3354 ἵὴμῶνι
1189 3302 1243 3341 em.

161 3373 325 3441 Sylhurg-
290 3367 594 3442 -φευδομαρτυρέανι
607 3384 656 3421 em.
667 3366 836 3421 Schoemoe-
803 3373 975 3423 -τοοτουὶι
988 3371 1125 3423 τοοὶῖ-
1136 3374 1241 3425 8νιιιο-

160 3452 289 3529 στράτουε
307 3475 353 3509 ναι
370 3456 397 3507 in
413 3469 463 3508 ras.
482 3453 583 3505 Η-
605 3446 671 3506 10“
652 3468 775 3505 απανται
795 3468 843 3506 em.
862 3453 925 3506 Rsk.
987 3455 1010 3510 7.
1029 3453 1181 3508 3παιονΒ
1199 3472 1241 3523 pr.

160 3572 195 3582 —
214 3545 270 3607 ὄχοι
287 3535 323 3593 ἂν
339 3539 415 3592 Rsk..
433 3541 520 3604 ἔχοιεν
538 3537 613 3603 BMF,
631 3538 805 3602 λ’χειινΑ-
830 3535 938 3640 ὁγὰρ,
931 3555 958 3591 ιο
975 3555 1024 3594 ras
1042 3539 1096 3605 m,
1116 3539 1168 3593 vid.
1186 3528 1240 3593 οὖν

161 3628 292 3680 fuisse-
310 3625 397 3679 εἰπεῖν
410 3624 467 3676 εδδ.
479 3623 632 3691 Sauppe—
651 3617 842 3724 δᾶστὴΒεΙεκ
861 3618 982 3677 αὐτά-
999 3630 1064 3691 post
1077 3625 1135 3677 ἐστι
1154 3626 1239 3681 excid.

158 3716 205 3762 καὶ
217 3708 332 3784 ἐγγυητὴ
349 3711 404 3763 sive
422 3713 468 3761 καὶ
484 3707 588 3781 γαμετὴ
605 3739 639 3749 -
656 3703 738 3762 ἀστός
755 3708 813 3761 αδδ.
825 3709 894 3762 Hrw.
964 3710 990 3767 8.
1008 3703 1059 3763 2
1041 3730 1077 3761 αν
1093 3727 1144 3764 om.
1156 3709 1241 3779 ΑΒΜ,

158 3810 223 3850 eras.
235 3797 262 3846 in
280 3796 313 3856 1¹⁷3
331 3794 390 3846 add.
401 3794 473 3848 Turr.
491 3788 525 3833 —'
543 3799 558 3848 3
576 3794 686 3847 oium
702 3795 721 3846 F
741 3810 786 3861 pr„
804 3812 830 3846 οι
848 3795 875 3846 in
892 3810 942 3850 ras.
962 3799 977 3848 2
995 3824 1029 3833 -
1045 3789 1113 3862 ὑμᾶς
1131 3794 1243 3864 δγλλιςα.

157 3875 228 3946 ἡμᾶς
244 3878 334 3931 ABMF
352 3894 398 3945 pr„
416 3875 487 3948 ἡμῆν
504 3879 553 3934 Μ
571 3909 604 3918 -
622 3874 774 3934 πιστεύειν.
792 3876 812 3928 7⁸
834 3882 869 3917 -’
892 3883 907 3932 8
925 3874 987 3931 οὐδ’
1007 3881 1038 3931 ἐν
1054 3875 1145 3933 οὐδενὶ
1164 3879 1239 3948 ask„

157 3960 239 4017 οὐδὲν
256 3965 287 4016 έν
304 3957 395 4016 οὐδενὶ
412 3965 493 4028 Tum,
510 3958 617 4016 οὐδ’,δν
634 3965 676 4017 ἑνὶ
694 3962 771 4016 Schb.
789 3992 823 4001 -
841 3963 956 4036 δχδροιεε
974 3962 999 4015 θ
1015 3979 1073 4017 cum
1090 3980 1140 4019 ns.
1158 3965 1187 4019 Μ
