2572 4476
65 266 87 308 ,
98 254 134 298 va.
367 235 445 289 nnn
462 234 527 290 τοκ
544 231 685 287 mmm:
704 235 843 291 ιωωοκ.
1091 237 1153 299 103

61 399 149 475 τοῦτ’
165 404 273 474 ἐστιν.
305 405 336 474 εί
351 405 588 495 δῆπροίχομεν
600 397 749 495 άδελφού
758 411 928 489 τοσοῦτον,
943 393 1045 496 ῆπου
1055 411 1154 479 τοῦδέ

60 503 90 596 γ’
103 503 208 587 ὄντος
222 500 410 597 ἀδελφιδοῦ
419 508 583 593 πάμπολυ
595 507 756 595 πρότεροί
771 507 879 594 ἐσμεν.
905 511 1040 580 δέδοικα
1055 514 1092 581 δέ
1101 512 1148 602 μῆ
1164 525 1204 585 84

63 613 138 679 λίαν
159 605 416 698 ὁμολογούμενα
436 612 540 696 λέγων
555 608 699 693 ἐνοχλεῖν
721 606 799 694 ύμῖν
815 609 918 688 δόξω·
941 613 1066 694 πάντες
1087 615 1151 704 γάρ

60 709 155 797 ύμεῖς
178 716 251 780 τῶν
274 707 450 800 πατρηίων,
479 716 546 779 τῶν
569 711 763 798 παππηύων,
792 716 860 779 τῶν
882 712 932 780 ἐτι
961 723 1150 805 περαιτέρω

59 817 303 904 κληρονομεῖτε
317 813 352 881 ἐκ
365 819 480 902 γένους
493 809 744 902 παρειληφότες
754 811 814 901 τῆν
825 807 1016 900 ἀγχιστείαν
1031 811 1151 886 άνεπί·

59 916 164 998 δικον,
189 917 250 982 καί
273 913 331 983 ούκ
353 909 419 983 οἶδ’
439 916 473 983 εί
484 941 553 983 τινι
575 914 642 1004 πρὸ
659 919 719 983 τού
735 915 877 982 πώποτε
891 922 1044 998 τοιοῦτος
1060 913 1149 1007 άγῶν

58 1022 281 1138 συμβέβηκεν.
326 1011 488 1104 άναγνούς
517 1002 575 1085 ούν
602 1016 661 1084 τὸν
690 1020 749 1105 τῆς
772 1018 946 1098 κακώσεως
969 1020 1080 1107 νόμον,
1102 1014 1149 1089 ῶν

59 1119 154 1189 ἕνεκα
169 1121 284 1187 ταλλα
297 1125 453 1207 γίγνεται,
475 1122 531 1186 καὶ
553 1113 649 1186 ταῦτ’
666 1114 729 1209 ῆδη
745 1121 954 1208 πειράσομαι
969 1123 1148 1193 διδάσκειν.

535 1224 681 1278 ΝΟΜΟΣ.

143 1310 267 1394 Κίρων
294 1304 356 1394 γὰρ
386 1303 536 1397 ἐκέκτητο
565 1298 698 1388 ούσίαν,
732 1292 759 1372 ῶ
789 1303 919 1396 ἄνδρες,
957 1302 1057 1398 άγρόν
1087 1313 1199 1397 μένίό

60 1411 214 1499 Φλυῆσι,
246 1408 303 1474 καί
330 1406 493 1474 ταλάντου
517 1407 642 1495 ῥᾳδίως
665 1402 769 1490 άξιον,
800 1409 908 1489 οἰκίας
937 1405 968 1475 δ’
995 1411 1029 1478 ἐν
1052 1408 1147 1481 άστει

58 1511 128 1593 δύο,
152 1507 218 1598 τῆν
240 1508 301 1594 μὲν
322 1513 403 1593 μίαν
431 1512 724 1598 μισβοφορσύσαν,
753 1509 848 1596 παρὰ
875 1511 914 1578 τό
939 1511 973 1578 ἐν
995 1519 1148 1597 Λίμναις

59 1611 257 1692 Διονύσιον,
282 1609 447 1692 δισχιλίας
469 1606 695 1699 εύρίσκουσαν,
718 1610 778 1699 τῆν
802 1605 834 1677 δ’
853 1610 977 1699 ἑτέραν,
1002 1611 1036 1681 ἐν
1050 1608 1071 1702 ᾗ
1087 1607 1147 1681 αύ-

57 1713 118 1793 τδς
140 1708 234 1802 ᾤκει,
256 1715 358 1800 τριῶν
371 1714 429 1778 καὶ
451 1712 530 1780 δέκα
543 1717 651 1799 μνῶν·
676 1712 725 1781 ἐτι
748 1713 783 1779 δέ
799 1705 996 1802 άνδράποδα
1017 1722 1146 1799 μισθο·

59 1817 236 1906 φοροῦντα
257 1817 313 1882 καὶ
336 1814 394 1881 δύο
417 1819 633 1903 θεραπαίνας
647 1819 702 1882 καὶ
726 1815 917 1906 παιδίσκην,
941 1819 997 1884 καὶ
1014 1817 1146 1885 ἔπιπλα

60 1910 108 1985 δι’
125 1910 179 1984 ῶν
199 1910 280 2003 η’ίκει
301 1915 362 2006 τῆν
380 1916 497 2000 οἰκίαν,
521 1915 638 2001 σχεδὸν
654 1916 712 1985 σύν
727 1932 800 1996 τοῖς
823 1912 1050 2005 ἀνδραπόδοις
1066 1915 1145 2000 άξια

58 2019 276 2108 τρισκαίδεκα
297 2022 403 2104 μνῶν·
427 2018 607 2104 σύμπαντα
629 2020 665 2087 δέ
687 2010 752 2088 ύσα
774 2021 903 2111 φανερά
925 2009 974 2111 ῆν,
997 2026 1100 2090 πλέον
1123 2013 1144 2112 ῆ

63 2120 258 2212 ἐνενήκοντα
279 2124 388 2206 μνῶν·
408 2124 512 2209 χωρὶς
536 2120 571 2187 δὲ
586 2121 712 2189 τούτων
735 2123 940 2207 δανείσματα
957 2118 1014 2190 σύκ
1037 2118 1143 2210 ὀλίγα,

62 2217 122 2313 (ἐφ’
150 2216 200 2289 ῶν
223 2220 345 2301 ἐκεῖνος
371 2222 489 2302 τόκους
512 2221 688 2309 ἐλάμβανε.
737 2224 870 2301 τούτοις
890 2225 1035 2311 Διοκλῆς
1056 2222 1141 2307 μετὰ
1156 2240 1195 2301 λς

60 2330 117 2414 σῆς
141 2319 292 2414 ἀδελφῆς
311 2327 316 2411 Ι
334 2324 443 2394 πάλαι
466 2324 692 2411 ἐπεβούλευεν,
716 2323 832 2413 ἐπειδὴ
849 2324 989 2407 τάχιστα
1005 2325 1037 2392 οἱ
1060 2339 1143 2394 παῖ·

62 2429 116 2506 δες
138 2428 175 2495 οἱ
197 2433 350 2515 Κίρωνος
373 2425 598 2518 ἐτελεύτησαν.
643 2425 768 2517 ἐκείνην
789 2427 850 2512 μέν
870 2425 934 2517 γάρ
957 2422 1015 2496 ούκ
1037 2427 1125 2509 ἐξεδί
1137 2443 1142 2450 “

63 2531 134 2597 δου·
155 2530 339 2619 δυναμένην
366 2529 416 2597 ἐτι
444 2544 549 2596 τεκεῖν
578 2530 706 2610 παῖδας
728 2529 765 2610 ἐξ
791 2530 903 2620 ἑτέρου
927 2524 1062 2620 άνδρύς,
1085 2532 1142 2600 ἵνα

59 2631 104 2721 μῆ
131 2635 362 2721 χωρισθείσης
392 2633 471 2719 περὶ
499 2633 565 2698 τῶν
600 2629 702 2700 αύτού
733 2634 952 2720 βουλεύσαιτο
981 2634 1140 2722 καθάπερ

61 2736 245 2823 προσῆκεν,
274 2731 396 2800 ἐπειθε
430 2733 466 2799 δὲ
492 2737 605 2817 μένειν
634 2736 829 2824 φάσκουσαν
858 2736 895 2816 ἐξ
922 2730 1023 2804 αὐτοῦ
1049 2751 1139 2805 κυεῖν

59 2837 218 2917 οἴεσθαι,
250 2839 545 2923 προσποιουμένην
579 2835 615 2901 δέ
649 2836 864 2926 διαφθείρειν
894 2834 1054 2919 άκσυσαν,
1088 2833 1136 2904 ἵν’

58 2936 206 3019 ἐλπίζων
239 2930 293 3004 άεὶ
324 2936 527 3027 γενήσεσθαι
559 2938 686 3016 παῖδας
717 2935 806 3024 αὕτη]
835 2937 1014 3026 μηδέτερον
1045 2934 1139 3026 ἡμῶν

56 3038 298 3128 εἰσποιῆσαιτο
313 3040 402 3108 υἱόν·
425 3037 555 3107 καὶτὸν
570 3043 701 3128 πατέρα
724 3039 896 3124 διέβαλλεν
913 3031 975 3120 άεί,
1000 3038 1138 3129 φάσκων

57 3136 163 3210 αύτδν
185 3139 415 3228 ἐπιβουλεύειν
436 3156 508 3220 τοῖς
537 3140 671 3209 ἐκείνου.
721 3139 763 3207 τά
785 3165 822 3206 τε
845 3126 902 3207 σύν
920 3145 1002 3228 χρία
1024 3139 1138 3209 πάντα
1154 3159 1190 3216 87

55 3237 125 3313 όσα
148 3237 312 3333 ῶφείλετο
344 3237 443 3332 αύτῷ,
472 3247 527 3312 καὶ
549 3243 654 3331 (τούς)
675 3244 791 3323 τόκους
820 3242 1014 3327 ἐπειθε...,
1037 3244 1079 3312 τά
1101 3271 1137 3314 τε

146 3399 199 3449 Ἶ.8
216 3391 299 3447 τοῦδέ
312 3395 341 3467 γ’
356 3392 433 3448 ὄντος
451 3396 526 3449 Rsk.:
544 3399 593 3450 τοῦ
611 3395 734 3469 λέγονται
793 3395 868 3452 ΒΜ
885 3393 950 3465 ἡμῖν
971 3415 1019 3466 pr„
1038 3416 1101 3453 corr.
1121 3405 1133 3454 1

53 3509 92 3522 -
109 3484 136 3534 4.
154 3485 169 3535 5
188 3475 348 3535 ἀνεπίδικον
366 3481 440 3534 ask:
464 3477 589 3534 ἐπίδικον
613 3512 646 3521 -
672 3482 808 3550 5προτοῦ
826 3482 888 3534 Rsk.
912 3484 975 3546 (σου.
995 3498 1043 3535 em.
1064 3482 1135 3549 Bk.):

55 3563 166 3636 πρῶτον
189 3595 223 3604 -
245 3569 261 3618 6
280 3564 331 3617 τὸν
349 3581 413 3621 corr.
435 3571 461 3633 1,
478 3585 523 3618 τ..
536 3581 574 3632 pr.
596 3594 631 3606 -
656 3569 670 3616 7
688 3552 787 3617 τάλλαε
805 3567 894 3618 ταῦτα
912 3567 981 3632 Dbr„
1002 3566 1031 3618 ft.
1049 3555 1136 3618 τᾶλλα

54 3648 152 3705 πάντα
168 3679 203 3689 -
220 3645 302 3703 ταῦτ’
317 3645 453 3716 ἣδη·ΒεΙι.;
471 3648 558 3715 ταύτη
576 3645 610 3716 δὴ
661 3648 707 3704 35.
726 3653 779 3702 3.4
796 3649 917 3716 Harpocr.
934 3664 959 3699 v.
972 3648 1003 3699 έν
1015 3649 1136 3716 Λίμναις

55 3731 219 3788 Διονύσιον·
231 3726 325 3787 ’ίσαῖοε
334 3739 396 3805 περὶ
405 3735 454 3786 τοῦ
463 3738 587 3805 Κίρωνοε
596 3730 694 3803 κλήρου
705 3761 740 3771 -
752 3728 887 3796 δυσχιλίαε
895 3732 944 3796 (sic
953 3731 998 3796 A):
1011 3732 1039 3785 st.
1049 3729 1136 3797 χιλίαε
1224 3750 1226 3755 ·

53 3850 90 3860 -
109 3824 135 3875 5.
148 3823 164 3873 6
181 3819 313 3890 μισθοφ.ε
332 3819 427 3872 excidit
439 3834 566 3895 numqrus.
579 3818 627 3872 Bk.
674 3817 719 3874 36.
733 3822 748 3872 3
766 3814 794 3868 οἱ
805 3819 864 3867 ante
881 3821 996 3885 κίρωνοε
1006 3833 1027 3870 ε.
1038 3821 1085 3870 ν.1
1102 3843 1135 3855 -

55 3908 71 3959 8
85 3943 105 3959 ..
114 3899 227 3975 δίκερον
234 3922 281 3973 pn,
293 3922 330 3970 μη
340 3907 366 3957 in
379 3919 428 3956 ras.
439 3918 504 3956 corr.
517 3906 541 3956 2.
586 3903 629 3958 37.
640 3906 655 3955 2
667 3892 729 3956 τοὺς
738 3901 795 3954 αδδ.
808 3899 876 3954 Htw.
886 3929 918 3941 -
930 3898 1024 3954 τόκους
1035 3916 1100 3955 corr.
1112 3904 1135 3961 1,

51 3987 155 4046 τύ.ουε
175 4005 213 4058 pr.
231 4018 258 4028 -
281 3988 380 4043 ἔπειθε
398 3983 574 4061 πράττεσθαι
591 3987 653 4040 Rsk.
670 4016 705 4026 —
722 4005 753 4038 τε
770 4001 808 4053 pr.
827 3987 868 4051 (ci.
881 3985 1004 4053 Sauppe),
1020 4003 1052 4056 γε
1070 3996 1135 4034 corr.
