2572 4476
133 199 195 261 136
514 209 518 215 '
548 239 551 246 -
617 202 724 257 ΙΣΑΙΟΥ
1133 223 1169 265 οι.
1184 224 1216 266 ιι.

83 449 91 456 ,
131 369 439 453 κατασκευάσαντα,
468 378 525 439 καί
551 399 628 438 τινα
656 379 773 440 κακίαν
794 379 1053 462 κατηγοροῦντα,
1083 369 1131 453 ῶς
1150 374 1212 462 ἒγῶ

132 472 297 561 τεττάρων
322 466 430 540 οὐσῶν
452 477 696 563 Στρατοκλέους
717 480 912 564 θυγατέρων
936 470 1077 564 οὐδεμιᾷ
1098 479 1213 562 τολμῶ

132 579 380 664 συνευπορῆσαι
408 576 562 665 προικός,
593 580 649 644 καί
677 571 773 644 ταῦτ’
800 575 890 660 ἐ’χων,
920 573 966 655 ῶς
994 572 1093 656 οὗτός
1116 603 1210 668 φησι,

79 675 174 742 ῖθτὰ
202 681 262 744 τοῦ
291 679 441 746 παιδίου.
485 673 650 764 βούλομαι
679 678 718 768 δῆ
742 682 797 746 καὶ
825 681 905 765 περὶ
934 679 1061 746 τούτων
1084 679 1211 748 εἰπεῖν·

132 779 261 861 ἐλπίζει
287 779 350 867 γὰρ
380 779 436 847 διὰ
458 784 525 847 τῶν
548 780 654 869 λόγων
677 780 751 866 ἐμοί
773 786 834 866 μέν
856 807 931 848 τινα
961 780 1095 870 φθάνον
1118 783 1227 871 γενή-

132 889 258 951 σεσθαι
279 877 365 972 παρ’
383 880 476 968 ὑμῶν
499 887 579 973 περὶ
601 887 667 952 τῶν
690 889 1000 973 προσγεγενημένων
1019 885 1212 973 χρημάτων,

131 1000 202 1064 τοῖς
226 985 262 1051 δέ
284 988 405 1052 παισὶν
427 984 529 1067 ἔλεον,
553 975 593 1051 δν
610 981 735 1074 άποροι
758 978 841 1073 παρ’
859 981 936 1069 ὖμῖν
953 982 1039 1054 είναι
1055 985 1214 1065 δόξωσιν.

131 1083 248 1153 οάκουν
273 1080 433 1175 ἀγνοῆσαι
456 1087 508 1153 δεῖ
529 1090 609 1175 περὶ
632 1081 740 1155 αὐτῶν
769 1084 855 1172 ὑμᾶς
878 1080 982 1169 οάδέν,
1012 1081 1090 1154 ἀλλ’
1119 1081 1214 1177 άκρι-

129 1191 198 1273 βῶς
220 1190 276 1254 καὶ
297 1190 403 1253 ταῦτα
430 1193 566 1271 μαθεῖν,
596 1181 643 1254 ἵν’
670 1182 783 1277 εἰδῆθ’
810 1181 865 1256 δτι
887 1187 1064 1275 ψεύδεται,
1095 1182 1214 1278 ῶσπερ

129 1290 186 1355 καί
209 1290 377 1376 περὶτῶν
400 1283 510 1354 άλλων
529 1289 534 1373 Ι
555 1284 724 1356 ἁπάντων.
769 1288 830 1375 ἐγω
854 1289 917 1378 γὰρ
933 1285 1013 1376 (άν),
1037 1277 1063 1356 ῶ
1083 1285 1212 1380 άνδρες,

130 1389 268 1458 πάντων
302 1386 548 1478 δμολογῆσαιμι
580 1387 667 1458 εἶναι
699 1390 870 1469 κάκιστος,
906 1391 936 1458 εί
966 1395 1215 1481 Στρατοκλέους

131 1487 246 1580 άπορα
267 1491 309 1559 τὰ
325 1493 507 1581 πράγματα
520 1492 765 1572 καταλιπόντος
781 1486 881 1572 αὗτδς
904 1489 1047 1582 εὔπορος
1062 1483 1111 1561 ῶν
1133 1495 1214 1584 [καὶ]

130 1595 295 1683 μηδεμίαν
325 1594 519 1680 έπιμέλειαν
547 1593 749 1678 ποιούμενος
778 1601 961 1684 φαινοίμην
988 1599 1056 1662 τῶν
1085 1594 1213 1664 ἐκείνου

78 1697 275 1763 θθπαίδων.
329 1696 359 1764 εἰ
386 1697 422 1763 δὲ
451 1699 592 1764 πλείονα
619 1698 796 1764 κατέλιπεν
826 1690 941 1774 αὐτοῖς
967 1696 1009 1763 τά
1040 1692 1123 1764 ὅντα
1145 1701 1213 1764 τῶν

131 1797 219 1882 έμῶν
240 1802 297 1865 καὶ
317 1798 533 1887 βεβαιότερα,
565 1801 621 1865 καί
643 1802 749 1865 ταῦτα
771 1792 907 1865 τοσαῦτ’
934 1794 1024 1865 ἐστὶν
1046 1792 1134 1866 ῶστε
1155 1803 1213 1867 καὶ

129 1898 190 1976 τὰς
212 1904 402 1986 θυγατέρας
425 1897 461 1977 ἒξ
482 1893 591 1967 αὐτῶν
615 1899 788 1967 διαθεῖναι
810 1902 919 1978 καλῶς
940 1903 996 1967 καὶ
1018 1899 1077 1967 τδν
1100 1900 1214 1968 παῖδα

130 1998 253 2066 ἐκτῶν
277 2001 405 2066 λοιπῶν
427 2001 530 2089 μηδὲν
551 1995 650 2090 ῆττον
674 1997 759 2069 εἶναι
781 2001 954 2084 πλούσιον,
985 2000 1214 2087 ἐπιμελοῆμαί

128 2126 165 2168 τε
186 2105 303 2170 τοῦτον
325 2100 383 2170 τὸν
405 2103 532 2185 τρόπον
556 2097 666 2171 αὐτῶν
689 2097 775 2171 ῶστε
797 2107 854 2172 καὶ
882 2107 1000 2192 πολλῶ
1026 2108 1135 2173 πλείω
1157 2133 1214 2194 γε·

130 2211 253 2274 νέσθαι
274 2204 335 2295 τῆν
358 2198 485 2289 οὐσίαν,
509 2205 645 2284 εἰκότως
666 2208 726 2292 μὲν
742 2199 799 2273 οὐκ
823 2196 863 2273 άν
886 2206 995 2292 έχοιμι
1016 2212 1156 2303 μέμψιν,
1182 2209 1214 2276 εἰ

129 2309 174 2398 μῆ
204 2303 377 2394 τάμαυτοῦ
399 2316 612 2399 προστίθημι
633 2309 781 2391 τούτοις,
811 2309 925 2397 σηίζων
954 2310 990 2377 δέ
1019 2309 1060 2376 τά
1083 2311 1213 2380 τούτων

78 2414 185 2484 ιθκαὶ
208 2413 316 2477 πλείω
345 2416 455 2478 ποιῶν
485 2411 623 2489 δικαίως
646 2402 686 2478 άν
709 2411 919 2501 ἐπαινοίμην.
965 2405 1018 2480 ὅτι
1046 2412 1213 2480 δὲταῦτα

130 2504 235 2588 οὕτως
263 2510 344 2592 ἔχει,
374 2512 499 2598 ῥᾳδίως
529 2511 698 2588 ἐπιδείξω.
749 2516 884 2598 πρῶτον
914 2514 975 2597 μὲν
1007 2501 1064 2580 οὖν
1085 2513 1129 2581 τὰ
1150 2519 1214 2604 τῆς

130 2606 246 2688 οὐσίας
269 2609 425 2692 διέξειμι,
454 2608 539 2694 μετὰ
562 2610 598 2675 δὲ
619 2614 725 2675 ταῦτα
748 2608 794 2688 ῶς
815 2614 870 2677 καὶ
895 2613 1032 2681 διοικεῖν
1061 2610 1146 2694 άξιῶ
1168 2616 1213 2683 τά

127 2717 189 2779 τοῦ
211 2709 346 2787 παιδός.
760 2709 762 2713 ’

213 2812 414 2898 Στρατοκλεῖ
433 2809 496 2899 γὰρ
510 2803 613 2895 κάμοὶ
627 2809 668 2878 τά
682 2810 743 2896 μὲν
766 2807 962 2900 ὑπάρξαντα
984 2818 1130 2902 πατρῴα
1153 2846 1213 2888 το-

129 2918 235 2982 σαῦτα
256 2900 305 3002 ῆν,
329 2905 416 2980 ῶστε
440 2909 526 2981 εἶναι
547 2913 607 2998 μὲν
631 2906 712 3002 [οὐχ]
736 2912 833 2982 ἱκανά
840 2913 1074 3003 ,λειτουργεῖν
1104 2917 1142 2986 δὲ
1163 2920 1211 3008 μῆ

130 3013 218 3096 ἄξια.
261 3018 437 3108 τεκμήριον
460 3019 497 3084 δέ
505 3037 512 3051 ·
547 3017 654 3087 ε’ίκοσι
681 3021 767 3103 μνάς
789 3017 943 3104 ἑκάτερος
969 3015 1063 3108 ῆμῶν
1086 3019 1146 3089 ἐπὶ
1168 3027 1212 3111 τῆ

127 3123 256 3207 γυναικί
279 3136 403 3210 προῖκα
426 3119 533 3208 ἔλαβε,
556 3120 701 3210 τοσαύτη
725 3120 761 3187 δέ
783 3120 887 3209 προὶξ
908 3115 965 3188 οὐκ
988 3112 1028 3188 άν
1051 3121 1100 3200 εἷς
1121 3129 1210 3193 πολ-

76 3236 112 3294 41
130 3221 188 3309 λῆν
210 3249 286 3292 τινα
310 3217 427 3291 οὐσίαν
450 3224 580 3310 δοθείη.
619 3227 737 3310 συνέβη
762 3222 798 3288 δὲ
813 3225 1014 3309 Στρατοκλεῖ
1034 3223 1121 3313 πρὸς
1137 3243 1211 3309 τοῖς

127 3319 315 3412 ὑπάρχουσι
343 3325 446 3389 πλέον
478 3313 499 3408 ῆ
528 3314 631 3386 πένθ>
656 3317 889 3407 ἡμιταλάντων
928 3317 1045 3392 οὐσίαν
1076 3327 1209 3412 λαβεῖν·

131 3430 273 3517 Θεοφῶν
295 3423 357 3513 γάρ
381 3420 398 3491 δ
422 3425 481 3511 τῆς
502 3420 655 3509 γυναικδς
678 3415 779 3489 αὐτοῦ
802 3416 949 3513 άδελφδς
979 3420 1210 3516 ἀποθνῄσκων

215 3612 473 3686 σκατηγοροῖντοει
498 3627 546 3664 em.
572 3611 661 3680 Steph.
748 3612 794 3669 38.
814 3617 826 3666 1
846 3610 881 3680 δὴ
904 3630 968 3669 corr.
988 3618 1011 3682 2,
1036 3611 1095 3669 δεῖν
1117 3633 1156 3684 pr.
1175 3649 1209 3660 -

128 3698 237 3753 τούτων
253 3701 313 3751 τῶν
331 3697 391 3749 Nbr.
417 3727 449 3735 -
473 3699 488 3749 3
506 3700 568 3764 περὶ
591 3697 650 3749 τῶν
674 3714 824 3770 προσγεγεν
842 3701 867 3751 in
887 3714 936 3752 ras.
953 3702 968 3751 9
988 3700 1037 3752 litt.
1057 3716 1120 3755 corr.
1141 3706 1153 3756 1
1175 3733 1210 3745 -

25 3814 28 3823 ·
129 3778 197 3836 ῖᾶν
215 3782 272 3836 add.
291 3782 350 3833 Dbr.
367 3810 401 3820 -
420 3785 435 3836 8
452 3781 489 3834 εἰ.
509 3798 545 3850 pr.
564 3810 597 3820 -
616 3784 631 3833 9
650 3786 695 3833 καὶ
714 3783 763 3836 del.
782 3782 868 3836 Baiter
949 3782 996 3838 89.
1014 3788 1029 3837 5
1048 3781 1099 3838 τὸν
1115 3802 1136 3839 s.
1154 3792 1207 3841 v.1

213 3867 259 3924 4⁰.
278 3869 293 3919 3
311 3869 356 3918 καῖ
375 3882 395 3923 s.
414 3883 437 3919 v.
455 3871 468 3919 1
488 3895 573 3905 -—
592 3870 606 3919 6
625 3860 674 3931 οὐχ
692 3867 742 3920 del.
763 3867 824 3922 Rsk.
843 3896 876 3907 -
893 3865 960 3936 μὴε,
972 3885 996 3925 ν.
1015 3872 1044 3921 1:
1063 3871 1140 3924 immo
1159 3869 1209 3925 οὖν

127 3949 191 4014 ἄξια
215 3951 333 4006 Schoem.
402 3952 445 4008 41.
465 3956 480 4006 3
500 3947 645 4023 θείφρωνε
664 3968 713 4006 em.
731 3953 791 4009 Ald.
