2550 4478
41 278 75 320 ot.
90 279 109 320 1.
315 259 390 313 ΠΕΡΙ
408 259 472 312 ΤΟΥ
489 259 692 314 ΚΔΕΩΝΥΜΟΥ
709 259 848 313 ΚΛΗΡΟΥ.
1086 253 1125 315 13

43 424 305 518 άμφισβητουμέ
307 454 374 507 νας.
421 423 528 515 [οὗτοι
555 427 648 551 γὰρ
645 427 684 496 τδ
716 421 843 496 άνελεῖν
873 421 976 506 αὐτὰς
999 425 1124 495 ἐκείνου

41 533 250 655 βουλομένου
266 530 491 617 διεκώλυσαν.]
515 524 605 598 ὥσθ’
631 526 718 615 ύμῖν,
742 557 768 595 ω
754 517 918 617 ανδρες,
942 527 1030 596 πολυ
1045 527 1124 595 καλ
1139 539 1178 596 48

44 631 155 700 λιόν
142 655 214 701 εστι
235 639 330 721 ψηφί
317 637 463 699 ίσασθαι
485 631 570 699 κατὰ
592 631 630 700 τδ
654 630 797 719 γένος
762 658 801 699 το
818 623 901 717 παρ’
927 624 1126 720 ἀμφοτέρων

43 731 138 820 ήμών
161 730 427 820 ὁμολογούμενον
449 724 619 817 μᾶλλον
598 761 618 822 η
641 732 726 800 κατὰ
748 731 809 812 τὰς
825 732 1049 820 διαθήκας
1013 757 1073 811 τας
1088 728 1126 801 ού

47 835 185 912 δικαίως
214 841 440 962 γεγενημένας.
489 834 577 922 πρὸς
608 836 644 902 δέ
665 834 798 914 τούτοις
829 827 1093 923 ένδυμήθητε”
1075 860 1128 901 οτι

45 932 150 1015 αύτὰς
173 937 269 1005 έλυσε
294 939 355 1021 μὲν
378 923 634 1020 Κλεώνυμος
600 963 635 1004 ευ
658 941 802 1026 φρονών,
826 937 962 1004 διέθετο
985 930 1052 1003 δὲ
1036 961 1128 1024 οργι-

45 1043 145 1118 σθεὶς
166 1043 221 1106 καὶ
246 1034 304 1106 ούκ
326 1033 441 1127 όρθώς
461 1039 714 1126 βουλευόμενος·
743 1033 829 1107 ώστε
851 1039 989 1106 πάντων
1012 1029 1052 1105 όν
1075 1038 1127 1126 ε’ίη

46 1141 303 1221 δεινότατον,’
273 1166 303 1208 ει
325 1147 526 1229 κυριωτέραν
549 1135 650 1209 αὐτοῦ
673 1141 733 1229 τήν
755 1135 855 1230 ὀργήν
877 1131 974 1228 ήτήν
997 1139 1127 1207 έννοιαν

45 1243 217 1331 ποιήσετε.

126 1343 232 1429 Οἶμαι
262 1339 294 1411 δ’
327 1342 413 1428 ὑμᾶς
441 1349 497 1414 καὶ
527 1347 707 1432 λαμβάνειν
736 1345 830 1433 παρὰ
857 1346 984 1414 τούτων
1013 1337 1179 1425 άξιοῦνὲί

40 1450 98 1514 ’καὶ
123 1447 168 1534 μή
193 1446 411 1533 τυγχάνοντας
433 1441 645 1534 άγανακτεῑν,
672 1448 722 1526 οἷς
745 1439 786 1515 άν
807 1445 939 1535 ύπάρχη
962 1451 1019 1514 καί
1040 1441 1124 1533 παρ’

44 1547 138 1634 ύμών
161 1554 228 1615 τών
253 1543 360 1616 αύτών
382 1563 500 1631 τυχεῖν.
546 1549 576 1616 εἰ
597 1556 709 1615 τοίνυν
725 1554 844 1637 συνέβη
860 1549 1050 1634 Κλεωνύμῳ
1069 1548 1130 1631 μέν

45 1652 119 1739 ζήν,
144 1649 401 1736 ἐξερημωθῆναι
423 1650 459 1714 δὲ
481 1647 540 1716 τὸν
561 1646 722 1738 ήμέτερον
751 1646 841 1717 οἶκον
868 1641 890 1737 ή
912 1648 971 1716 τόν
994 1649 1129 1729 τούτων,

44 1756 231 1836 σκέψασθε
253 1755 406 1837 ποτέρων
434 1749 556 1829 ἐκεῖνος
585 1750 731 1837 ἐγίγνετο
759 1751 977 1840 κληρονόμος·
1002 1752 1130 1819 δίκαιον

44 1853 111 1940 γάρ
143 1851 215 1919 έστι
244 1852 382 1929 τούτους
410 1852 496 1935 ’έχειν
521 1853 563 1919 τὰ
593 1852 735 1936 ἐκείνου,
769 1849 854 1942 παρ’
887 1848 934 1921 ών
965 1848 1129 1944 ὠφείλετο

45 1959 101 2024 καὶ
127 1957 242 2039 λαβεῖν
266 1949 365 2041 αύτῷ.
411 1955 441 2022 εἰ
459 1955 519 2039 μέν
534 1963 646 2024 τοίνυν
662 1962 840 2044 Φερένικος
854 1949 875 2045 ἢ
889 1963 956 2026 τών
972 1951 1128 2046 άδελφών
1142 1965 1180 2021 45

45 2084 98 2137 τις
120 2057 341 2145 ἐτελεύτησεν,
365 2059 398 2125 οἱ
419 2058 541 2137 παῖδες
564 2060 597 2126 οἱ
611 2060 747 2139 τούτων,
772 2054 830 2128 ούκ
844 2059 998 2139 έκεῖνοςέ
999 2067 1128 2147 γίγνετο

46 2160 159 2247 κύριος
180 2163 247 2225 τών
268 2153 628 2282 καταλειφιήέντωΓ
608 2165 704 2286 ημῶν
732 2162 769 2228 δὲ
790 2162 928 2249 τοιαύτη
950 2162 1029 2248 τύχη
1049 2187 1130 2248 χρη-

35 2267 201 2382 σριμένων
224 2258 466 2345 Κλεώνυμοςί
447 2261 608 2329 απάντων
630 2261 666 2348 έγ
668 2269 774 2349 ίγνετο
797 2262 1009 2351 κληρονόμος.
1055 2257 1131 2329 ούτε

47 2363 109 2489 γὰρ
132 2359 296 2440 παῖδες(
277 2377 357 2450 ημῖν
378 2350 465 2450 ἦσαν
487 2357 556 2431 οὔτ’
584 2359 682 2432 ἄλλοι
697 2377 882 2491 συγγενεῖς,
907 2357 980 2432 ἀλλ’
1008 2363 1130 2444 ἐκεῖνος

47 2491 103 2532 και
131 2471 219 2550 γένει
249 2464 427 2551 προσήκων
457 2463 623 2552 ἐγγυτάτω
651 2492 705 2534 και
735 2469 777 2555 τῇ
801 2473 898 2556 χρείᾳ
926 2467 1064 2535 πάντων
1090 2453 1131 2555 ήν

49 2559 323 2644 οἰκειότατος·”
296 2588 383 2633 ωστε
402 2565 459 2634 διὰ
473 2571 650 2636 ταῦτακαὶ
667 2569 700 2636 οἱ
716 2568 814 2653 νόμοι
829 2569 1013 2638 δεδώκασιν
1030 2562 1129 2655 αύτῷ,
1145 2582 1183 2638 46

49 2672 104 2737 καὶ
131 2665 230 2756 ήμεῖς
258 2663 376 2736 οὐδένα
404 2664 504 2736 άλλον
530 2663 723 2758 ἠξιώσαμεν
750 2666 872 2759 ταύτης
905 2675 964 2760 της
994 2672 1131 2759 δωρεᾶς.

50 2766 87 2840 ού
110 2769 173 2858 γὰρ
198 2770 306 2858 δήπου
334 2770 453 2851 ζώντες
480 2772 540 2856 μὲν
570 2765 676 2850 ούτως
705 2763 746 2839 όν
775 2771 1019 2861 ένεχειρίσαμεν
1042 2766 1133 2857 αύτῷ

48 2873 109 2963 τήν
140 2867 275 2955 ούσίαν,
304 2866 392 2940 ώστε
419 2877 499 2961 περὶ
528 2877 595 2939 τών
624 2871 795 2959 ἡμετέρων
822 2879 1025 2959 κυριωτέραν
1048 2870 1135 2942 εἶναι

49 2975 109 3064 τήν
133 2974 258 3043 ἐκείνου
282 2974 437 3042 διάνοιαν
458 2976 517 3060 τῆς
537 2969 701 3060 ήμετέρας
717 2966 843 3054 αύτιύν,Ι
860 2966 1134 3060 ἀποθνήσκοντες

51 3065 86 3144 δὲ
111 3073 233 3157 άλλους
253 3080 471 3165 κληρονομεῖν
493 3072 725 3164 ἐβουλήθημεν
751 3068 861 3143 αύτιόν
882 3077 1010 3160 μᾶλλον
1030 3067 1052 3165 ή
1074 3075 1133 3145 τόν

51 3180 189 3248 πάντων
212 3179 428 3248 οἰκειότατον.
473 3170 564 3244 ὥσθ’
595 3174 684 3265 ἡμᾶς
711 3177 772 3262 μὲν
800 3176 834 3245 έν
857 3171 1077 3268 άμφοτέροις,
1105 3167 1185 3248 ώ4ῖ

53 3277 181 3368 άνδρες,
203 3283 260 3348 καί
283 3278 317 3348 έν
339 3284 388 3367 τῷ
411 3281 529 3348 δοῦναι
549 3282 607 3347 καί
630 3279 663 3347 έν
678 3282 727 3365 τῷ
742 3281 857 3366 λαβεῖν
876 3280 1018 3362 οἰκείους
1034 3277 1133 3363 όντας

122 3506 186 3570 7sq.
205 3503 284 3569 gloss.
302 3501 352 3555 del.
370 3501 430 3554 Dbr.
504 3501 549 3557 48.
570 3507 582 3556 1
604 3496 675 3554 ὥστ’
697 3504 783 3571 Apu,
802 3519 865 3556 corr.
887 3509 897 3558 1
924 3535 958 3544 -
979 3501 1044 3571 ἡμῖν
1061 3506 1083 3555 Α
1102 3533 1134 3541 -
1220 3551 1224 3562 ,

55 3582 298 3652 θβεβουλευμένεε
315 3585 336 3647 Q
354 3616 388 3624 -
407 3591 420 3638 7
440 3589 552 3638 ἔννοιαν
569 3587 666 3654 ffitzig:
691 3581 823 3641 διάνοιαν.
904 3588 949 3642 44.
969 3591 983 3639 5
1002 3585 1134 3656 πότιρονε

57 3684 102 3722 em.
114 3669 167 3722 Mai
179 3699 212 3710 —
224 3673 332 3741 ἐγένετο
344 3669 374 3731 Q.
443 3671 489 3726 45.
510 3675 522 3724 1
542 3669 682 3737 ἧτιετών
693 3665 852 3743 άδιλφῶνρ
871 3702 905 3710 -
924 3675 938 3724 2
958 3667 1135 3739 ούΓκεῖνοεΑ

58 3781 89 3793 -
106 3760 122 3806 4
140 3757 247 3826 ἐγένετο
260 3758 282 3807 Α
291 3772 337 3823 pr„
356 3771 420 3808 corr.
437 3760 459 3809 1.
528 3755 574 3811 46.
592 3761 608 3810 2
626 3751 717 3809 οὐδέν’
731 3752 767 3809 ἂν
778 3757 825 3810 Bk.
843 3786 878 3796 -
896 3759 911 3808 3
931 3752 1136 3825 ἐνεχειρήσαμεν

59 3838 79 3887 Α
96 3855 134 3907 pr.
153 3839 174 3901 Q
196 3870 230 3878 -
249 3845 265 3893 4
283 3835 381 3892 οὐσίαν
398 3842 434 3903 Α,
459 3841 552 3893 αἰτίαν
570 3840 621 3893 Mai
639 3870 672 3880 —
697 3845 712 3895 6
730 3839 923 3911 κληρονόμουει
943 3854 990 3893 em.
1009 3839 1057 3891 Bk.

61 3919 99 3974 λλ.
118 3928 130 3976 1
149 3923 256 3991 ύμᾶελ
279 3942 325 3993 pr„
344 3941 408 3978 corr.
429 3930 439 3978 1
460 3955 494 3963 -
512 3927 543 3977 έν
560 3920 721 3995 ἀμφοτέροις
738 3940 789 3977 om.
807 3923 828 3983 0
848 3952 881 3962 -
902 3927 918 3975 2
936 3920 1032 3993 ἄνδρες
1049 3923 1135 3976 Turn:

63 3997 191 4072 ἆθηναῖοι
